2864 4976
693 303 919 378 .-p..

244 523 314 589 tur,
335 529 378 574 an
400 505 592 572 naturaliter
614 508 815 590 obligentur,
836 527 934 591 quum
957 504 1252 570 nonnullonunex
1281 502 1327 571 iis
1346 528 1391 570 ne

244 610 432 678 naturalem
453 610 584 694 quidem
606 608 840 693 obligationem
865 629 959 690 esse,
987 605 1071 670 elius
1100 627 1181 673 vero
1202 609 1307 672 etiam
1337 619 1388 673 tu·

245 723 320 778 tore
344 711 434 775 haud
462 709 608 774 adhibito
636 709 775 772 civiliter
803 709 963 793 obligari,
996 708 1042 770 ita
1072 719 1108 770 ut
1137 708 1225 772 ectio
1252 709 1289 770 in
1319 731 1388 774 eos

245 821 425 895 competat,
446 812 532 874 inter
554 829 670 874 omnes
693 821 834 874 curreret.
956 841 959 851 =

327 913 380 977 Ad
411 910 556 976 infantes
585 913 670 974 enim
697 909 787 974 nullo
816 909 914 972 modo
941 919 1075 992 spectat
1101 908 1187 972 haee
1208 912 1386 994 quaestio,

244 1016 368 1099 quippe
396 1012 451 1096 qui
479 1009 601 1074 nullum
633 1011 800 1094 negotium
822 1029 925 1094 agere
948 1009 1092 1090 possint,
1117 1009 1189 1072 sive
1216 1031 1283 1093 quo
1314 1013 1386 1094 ipsi

244 1113 447 1198 obligentur,
470 1112 541 1174 sive
564 1131 629 1194 quo
651 1109 750 1173 alium
777 1111 839 1173 sibi
863 1107 1023 1192 obligent,
1051 1130 1148 1191 quum
1170 1130 1234 1171 uon
1256 1110 1385 1174 intelli·

244 1227 336 1296 gent,
370 1215 447 1297 quid
471 1213 601 1276 dicatur
622 1212 744 1295 quidve
766 1209 935 1292 agotum),
956 1231 1021 1294 quo
1048 1208 1100 1286 lit,
1129 1223 1165 1272 ut
1186 1211 1249 1292 ipsi
1273 1214 1384 1276 tutori

244 1315 378 1380 infantis
403 1315 535 1380 nomine
558 1315 726 1396 negotium
750 1313 914 1396 agendum
938 1312 1026 1392 titt).

329 1415 476 1500 Pupillos
502 1437 583 1479 vero
612 1416 667 1500 qui
695 1413 759 1480 feri
791 1427 933 1498 possunt
964 1413 983 1477 i.
1005 1433 1035 1476 e.
1064 1411 1201 1480 infantia
1227 1413 1383 1498 majores

245 1537 310 1580 non
334 1535 440 1600 aeque
464 1536 562 1579 omne
586 1515 753 1600 negotium
779 1533 883 1599 agore
905 1511 1000 1595 leges
1020 1523 1147 1589 vetant,
1177 1513 1238 1576 sed
1262 1513 1382 1578 melio-

243 1635 314 1678 rem
345 1616 475 1696 quidem
506 1635 599 1676 suum
629 1615 852 1676 conditionem
878 1611 996 1674 facere
1018 1611 1057 1674 iis
1080 1611 1156 1674 licet
1180 1613 1280 1676 etiam
1303 1615 1381 1679 siue

245 1715 362 1778 tutoris
376 1715 587 1796 alletoritate,
611 1714 808 1776 deteriorem
832 1733 912 1776 vero
933 1733 1000 1775 non
1019 1711 1125 1788 aliter,
1146 1733 1244 1796 quam
1263 1727 1382 1779 tutore

244 1815 432 1898 auetore⁶).
474 1813 626 1897 Namque
651 1813 747 1875 etiem
772 1825 849 1896 post
874 1813 1049 1894 septimum
1072 1832 1192 1876 annum
1215 1835 1284 1878 non
1312 1830 1380 1880 tam

226 1983 228 1989 ,
244 1916 370 1980 firmum
392 1927 445 1980 est
465 1935 579 1978 eorum
592 1916 767 2000 judicium,
788 1929 823 1978 ut
839 1935 918 1978 sese
937 1915 1031 1998 ipsos
1047 1917 1176 1998 possint
1190 1914 1381 1980 defendere

243 2035 286 2080 ao
308 2037 364 2080 res
386 2037 470 2080 suae
497 2038 540 2080 ue
569 2017 721 2079 danninum
744 2018 878 2098 capient
907 2035 1039 2082 cavere.
1083 2015 1208 2078 Temen
1231 2015 1380 2101 obligari

245 2131 413 2200 possunt
433 2117 545 2202 pupilli
569 2117 666 2180 etiam
689 2118 761 2180 siue
784 2118 903 2180 tutoris
926 2117 1125 2179 auctoritate
1146 2127 1179 2179 et
1200 2120 1379 2182 conveniri

242 2219 329 2302 iuuitl
356 2219 444 2304 qumi
472 2219 610 2296 debent,
641 2237 761 2302 nempe
792 2237 839 2280 ex
870 2215 1124 2296 delicto⁶tet
1155 2217 1220 2282 ubi
1251 2239 1302 2282 ex
1334 2239 1379 2283 re
1416 2239 1417 2308 l

254 2385 457 2404 ’'W-F*

318 2467 344 2542 ι)
365 2464 447 2544 §.lu
460 2465 488 2526 ι.
503 2465 541 2525 <te
555 2467 714 2543 nutem.
732 2465 850 2540 (ale).
870 2464 1318 2548 oaj.111.tm.t.1.§.13..ae
1331 2471 1376 2532 ο.
1416 2459 1417 2508 l

243 2568 274 2623 et
288 2561 326 2622 A.
341 2560 400 2632 (44.
412 2557 465 2634 7.).
487 2559 504 2618 Ι.
517 2558 543 2618 6.
558 2577 619 2620 rem
635 2559 742 2639 pupilli
757 2558 874 2634 (46.6).
896 2559 914 2620 Ι.
924 2560 952 2621 6.
968 2559 1006 2620 de
1023 2561 1058 2623 A.
1073 2561 1122 2623 vel
1137 2560 1175 2622 0.
1187 2561 1224 2622 Η.
1238 2561 1298 2632 (29.
1313 2563 1373 2638 2.).

315 2655 342 2727 4)
363 2652 567 2714 Autoritatem
593 2654 672 2712 enim
698 2672 752 2730 pro
773 2651 888 2714 insanie
909 2654 1057 2732 interponi
1079 2674 1137 2713 nou
1160 2674 1254 2734 possa
1273 2675 1379 2735 appa·

239 2751 295 2814 ret,
315 2747 429 2824 quippe
450 2764 528 2824 quae
548 2767 602 2826 pro
624 2765 662 2806 eo
682 2751 795 2806 tantum
817 2747 966 2825 interponi
986 2749 1105 2826 possit,
1133 2749 1184 2824 qui
1205 2748 1273 2832 ipse
1295 2751 1376 2826 agit,

239 2858 341 2897 verum
362 2839 558 2918 imperiecte3
579 2838 680 2898 iulans
700 2845 799 2898 autem
822 2840 941 2898 onmino
962 2858 1053 2916 agere
1077 2860 1133 2898 nou
1154 2845 1267 2919 polest.
1296 2841 1377 2900 Sola

240 2933 269 2990 in
289 2929 472 3006 acquirenda
492 2931 695 3008 possessione
715 2931 743 2988 in
765 2931 884 3010 legibus
904 2950 958 3010 pro
976 2929 1087 2992 infante
1103 2932 1313 2992 auctoritatem
1331 2934 1364 2991 in

240 3023 356 3102 terponi
369 3021 507 3080 utilitatis
521 3039 614 3082 causa
626 3023 808 3098 permissum
824 3042 897 3082 esse
912 3022 1029 3081 dicitur.
1041 3021 1077 3081 ei.
1086 3021 1155 3082 Ι.32.
1164 3021 1225 3100 62.
1238 3023 1375 3102 deaequ.

239 3131 324 3193 poss.
340 3112 459 3186 (41.2),
480 3113 566 3190 cujus
589 3113 748 3191 fragmenti
769 3113 807 3171 tle
826 3115 926 3172 verbis
948 3113 984 3172 cl.
1000 3115 1185 3192 Savigny,
1202 3115 1257 3174 das
1269 3115 1376 3177 Recbl

240 3206 297 3264 des
309 3205 449 3264 Besitzes
462 3203 576 3263 baut.
589 3203 682 3283 pute
692 3223 760 3282 sqq.
782 3203 943 3274 Puebta,
956 3203 1058 3266 Ueber
1072 3207 1130 3265 den
1149 3207 1375 3268 Besitzerwerb

239 3301 327 3357 eines
349 3295 465 3355 Kindes
490 3297 530 3354 im
552 3295 757 3354 Rbeinisebeu
779 3295 921 3356 illuseum
943 3297 987 3356 fiir
1008 3297 1228 3374 lurisprudenz
1257 3299 1313 3359 Bu.
1330 3301 1373 3359 V.

237 3390 315 3472 p.36
327 3408 395 3468 sqq.
415 3389 625 3465 Vaugerom
648 3385 825 3448 Pandeeteu
847 3387 901 3447 Bd.
914 3388 936 3450 Ι.
955 3391 982 3448 6.
995 3391 1075 3450 Aull.
1096 3389 1177 3450 1851.
1195 3389 1293 3468 6204.
1309 3393 1375 3456 An-

238 3483 366 3543 merlt.l.
388 3481 623 3558 Denzinger,
647 3479 706 3538 Zur
727 3479 827 3539 lsehre
850 3501 917 3540 rom
935 3481 1160 3542 Besitzerwerb
1181 3482 1235 3542 der
1256 3483 1376 3544 Kinder

238 3575 316 3636 naeb
341 3584 414 3634 ritm.
435 3573 537 3634 Reebt
565 3574 604 3632 im
631 3571 742 3632 Archiv
767 3573 1153 3637 surtieeivitist.1³raxis
1182 3573 1373 3638 Bd.XXXl.

240 3689 267 3746 p,
275 3667 332 3728 268
340 3685 407 3744 sqq.
422 3687 523 3746 praes.
537 3688 567 3746 p.
578 3665 635 3728 ‘278
649 3685 718 3744 sqq.
944 3746 946 3750 Ι

315 3761 340 3836 ⁶)
361 3781 404 3839 pr.
415 3758 443 3818 t.
457 3757 495 3819 de
510 3767 587 3818 auct.
602 3765 656 3820 tut.
669 3751 793 3834 (litt).
816 3759 834 3819 ι.
848 3757 893 3820 28.
907 3779 950 3837 pr.
963 3757 1002 3820 de
1016 3761 1116 3839 pactis
1130 3760 1170 3835 (a.
1185 3759 1256 3836 lt).

307 3854 339 3929 16)
367 3851 552 3928 Deliuquere
573 3857 672 3908 eutem
693 3857 755 3908 turn
777 3850 897 3908 demum
918 3858 1049 3929 possunt
1072 3852 1256 3932 impuberes,
1279 3872 1374 3930 quum

239 3945 299 4008 doli
319 3932 453 4026 capaces
471 3947 489 4004 i.
501 3965 527 4003 e.
549 3943 677 4024 proximi
698 3944 876 4022 pubertates
896 3952 978 4013 sunt,
1000 3944 1081 4020 quod
1102 3965 1140 4004 an
1161 3947 1232 4014 sint,
1254 3947 1282 4004 in
1307 3947 1374 4006 siu·

238 4039 318 4117 gulis
339 4041 505 4118 speciebus
527 4038 556 4102 in
573 4037 687 4119 judicis
707 4037 859 4098 arbitrium
880 4035 970 4098 cedit.
991 4036 1029 4098 tl.
1049 4038 1222 4116 savigny,
1244 4037 1372 4116 Sysiem

237 4131 290 4194 ΙΙΙ.
304 4131 378 4212 pa,
392 4151 462 4210 sqq.
478 4159 518 4178 -α
540 4131 578 4190 ef.
590 4131 608 4190 Ι.
623 4132 649 4192 5.
666 4129 726 4207 §.⁶2-
741 4130 780 4192 ad
794 4130 812 4189 Ι.
821 4129 931 4206 Aquil..
939 4130 980 4204 (9.
992 4130 1046 4204 2.).
1069 4131 1090 4194 Ι.
1102 4129 1153 4192 lll
1165 4151 1214 4210 pt·
1230 4129 1269 4196 tle
1281 4131 1322 4196 R·
1336 4131 1370 4196 J·

238 4225 298 4304 (50.
312 4224 378 4300 12).
405 4224 422 4282 Ι.
437 4222 484 4283 23.
498 4222 537 4282 de
549 4221 613 4282 luri.
628 4221 686 4296 (tt.
700 4223 750 4298 2.).
777 4223 795 4282 Ι.
807 4221 838 4306 2.,
847 4219 928 4300 tlt.
940 4223 970 4289 vi
984 4223 1052 4288 bon.
1063 4229 1143 4303 rapt,
1158 4221 1218 4298 (47.
1227 4223 1279 4300 8..)-
1304 4225 1326 4284 Ι.
1339 4223 1370 4286 3.
