2864 4976
681 375 935 452 ..311-

249 585 394 651 bendum
416 585 472 662 sit,
494 583 777 657 demonstremus,
799 580 888 646 nullo
911 581 1008 644 modu
1032 599 1188 664 egemus,
1209 599 1382 664 1111111111-

248 687 330 750 teris
351 703 393 750 eo
415 683 603 749 distinctius
624 681 877 766 evidentiusque
901 678 1070 764 pupillum,
1092 680 1226 746 etiamsi
1249 683 1382 746 nonsit

247 783 450 869 locupletior
471 781 596 860 lactus,
620 779 816 845 naturaliter
836 778 987 864 obligari,
1010 779 1155 863 agnitum
1168 781 1213 845 sit
1235 783 1281 845 ab
1297 783 1381 848 lctis

246 883 454 968 Ulpianus
480 882 565 945 enim
593 882 627 944 in
654 881 674 945 1.
691 881 741 946 19.
755 881 786 966 §.
802 880 833 946 4.
854 880 896 943 de
925 881 1050 944 doaott.
1069 881 1120 966 (§.
1138 879 1167 944 1.
1189 891 1259 946 not.
1274 881 1322 962 o.)
1342 903 1380 946 ex

246 984 469 1069 promissione
499 981 572 1044 sine
598 991 709 1044 tutore
734 980 826 1044 secte
853 979 1011 1071 pupillum
1040 979 1184 1062 obligari
1207 982 1311 1061 dicit,
1338 983 1378 1046 ita

245 1095 297 1161 ut,
324 1086 354 1148 si
385 1094 505 1165 postea
536 1091 645 1144 tutore
674 1093 814 1145 auctor-e
843 1081 1028 1164 promittat,
1062 1081 1200 1146 nonsit
1229 1083 1377 1156 donatio,

245 1184 307 1250 sed
331 1183 434 1246 debiti
453 1181 594 1262 solutio„
628 1181 783 1264 Apparet
814 1203 856 1244 ex
888 1181 1112 1264 promissione
1133 1180 1308 1266 'pupillum
1333 1181 1375 1246 lo·

246 1282 462 1367 cupietiorem
484 1301 550 1343 non
574 1299 652 1344 esse
675 1278 811 1345 luctum.
855 1281 984 1356 Quodsi
1009 1281 1163 1345 Puchta
1186 1293 1303 1345 tamen
1324 1303 1374 1366 pu·

244 1394 304 1462 tat,
325 1383 549 1466 Ulpianum
572 1381 604 1444 in
628 1379 693 1443 hac
715 1379 791 1466 lege
813 1380 969 1464 pupillum
993 1393 1152 1466 opertere
1180 1383 1373 1468 locupletio·

243 1505 314 1548 rem
336 1482 478 1559 lactum,
509 1481 663 1565 quoniam
693 1493 800 1545 tutore
829 1494 967 1547 auctore
994 1483 1084 1547 iectu
1107 1483 1294 1549 novatione
1319 1505 1372 1568 pu·

243 1582 341 1668 pilius
360 1603 497 1664 semper
514 1581 717 1664 locupletior
737 1581 868 1662 caru),
897 1583 993 1667 quasi
1020 1583 1133 1665 inepte
1156 1581 1224 1646 lroc
1250 1581 1370 1646 dictum

243 1701 323 1746 esse
344 1691 474 1763 putem,
494 1680 758 1746 uisi'Puchtoi
780 1684 846 1746 sint
868 1683 984 1759 verba,
1006 1702 1117 1767 neque
1129 1685 1321 1765 expressim
1341 1693 1370 1745 ut

240 1778 405 1854 refellam,
428 1781 602 1865 quisquam
627 1780 779 1863 postulet.

329 1879 472 1942 Proinde
503 1879 710 1944 Scaevola
740 1882 773 1944 in
803 1881 823 1944 Ι.
844 1879 914 1947 127.
934 1881 976 1943 de
997 1878 1038 1963 V.
1053 1878 1092 1942 0.
1111 1878 1163 1964 (§.
1184 1877 1367 1958 1111110.)

241 1979 407 2043 adversus
433 1979 608 2062 pupillum,
634 1999 652 2043 a
680 2001 746 2064 quo
775 1983 850 2065 quis
880 1993 988 2046 tutore
1018 1980 1106 2044 haud
1135 1981 1285 2046 adhibito
1309 1981 1364 2044 Sti·

153 2088 157 2096 '
241 2077 340 2144 cirum
366 2079 410 2143 sit
440 2078 636 2162 stipulatus,
662 2083 827 2144 actionem
850 2082 922 2145 dari
944 2091 1046 2163 negat
1069 2078 1167 2157 (nihil
1198 2083 1299 2167 igitur
1327 2079 1365 2142 cd

239 2197 315 2244 eum
338 2181 507 2262 pervenit,
538 2199 680 2265 iramque
703 2179 898 2264 locupletior
920 2180 949 2242 si
968 2179 1078 2242 luctus
1100 2178 1221 2245 luisset
1245 2203 1288 2246 ex
1307 2181 1364 2244 hac

239 2278 464 2364 stipulatione,
487 2282 653 2344 actionem
677 2282 710 2345 iu
734 2301 808 2346 eum
831 2281 943 2344 datam
967 2301 1046 2344 esse
1060 2279 1271 2346 manifestum
1291 2282 1363 2360 est),

238 2379 472 2464 fidejussorem
503 2400 584 2443 vcro
615 2401 694 2446 esse
723 2381 913 2466 obligatum.
957 2381 1077 2444 Nonne
1107 2399 1149 2443 ex
1177 2377 1230 2444 his
1259 2381 1362 2446 verbis

237 2489 358 2542 natura
379 2477 503 2542 debere
526 2479 683 2564 pupillum
706 2483 737 2544 id
760 2503 908 2568 quoquc,
931 2481 1019 2566 quod
1042 2479 1085 2544 ad
1110 2501 1184 2544 eum
1206 2479 1362 2566 pervenit,
1411 2541 1412 2550 ,

238 2575 357 2663 procul
386 2577 485 2640 dubio
512 2579 667 2656 constat?
713 2583 872 2648 Puclrta
914 2582 1046 2667 quidem
1075 2593 1193 2664 negat,
1224 2592 1255 2643 et
1279 2575 1362 2640 cur?

236 2677 454 2762 Fidejnssore
477 2679 635 2762 adhibito,
657 2681 713 2760 ait,
738 2703 804 2747 uon
827 2685 953 2767 quaeri,
976 2693 1084 2746 utrum
1107 2679 1250 2764 pupillus
1269 2677 1359 2741 locu·

236 2776 357 2860 pletior
382 2778 583 2858 factusflsit,
615 2801 658 2844 an
680 2801 762 2857 non,
794 2782 857 2846 sed
884 2801 1020 2862 semper
1054 2781 1288 2865 fidejussorem
1316 2790 1360 2840 te·
1410 2809 1411 2814 κ

235 2879 365 2956 neriss).
409 2877 478 2942 Sed
507 2902 594 2963 quac
623 2895 675 2947 est
704 2879 803 2965 hujus
832 2881 910 2948 dicti
937 2879 1043 2946 ratiol
1091 2881 1254 2964 Equidem
1276 2881 1358 2944 inve·

234 2977 308 3040 nire
329 2997 397 3039 nou
420 2999 566 3059 possum.

236 3080 439 3092 -ισ-α--ι

247 3201 250 3206 ,
313 3127 352 3201 ¹⁰)
374 3159 436 3198 22-
461 3131 503 3189 ist
534 3151 571 3190 zu
596 3132 776 3202 hemerlren,
803 3134 877 3196 dass
904 3131 996 3194 durch
1024 3133 1092 3194 eino
1118 3138 1218 3194 tutore
1243 3135 1355 3192 auctore

233 3217 431 3300 geschelrenc
450 3220 600 3281 Novation
622 3221 678 3282 das
697 3222 908 3284 Eusorderniss
929 3225 983 3285 111
1002 3223 1226 3298 Bereielreruug
1246 3225 1355 3282 cousta-

233 3309 795 3390 1111111111111111511111111111,
821 3317 867 3377 sie
891 3317 936 3376 sei
960 3315 1043 3376 nicht
1066 3317 1272 3394 eingetreteu,
1297 3330 1355 3373 aus·

232 3403 435 3482 geschlossen
455 3402 573 3474 wird;“
598 3403 774 3468 Pandecteu
800 3407 817 3468 l.
834 3429 858 3468 c.
879 3409 1005 3488 pg.350.
1027 3411 1055 3467 in
1077 3409 1177 3468 111-
1199 3405 1303 3466 Verbo
1319 3403 1354 3462 la·
1407 3457 1408 3470 ,

230 3497 279 3572 gis
302 3496 381 3557 hoec
402 3503 488 3558 sunt:
514 3497 621 3567 „ldem
649 3502 726 3575 (uon
747 3519 820 3560 esse
843 3501 1054 3572 donatiouem,
1078 3498 1137 3558 sed
1162 3497 1259 3557 debiti
1284 3493 1354 3554 solu·

211 3589 357 3666 tionem)
378 3589 407 3646 in
430 3591 560 3670 pupillo,
587 3593 637 3670 qui
661 3593 728 3651 sine
755 3593 863 3652 tutoris
884 3595 1062 3653 auctoritate
1083 3590 1240 3658 debuerit,
1263 3589 1354 3648 dicen·
1406 3657 1407 3660 Ἴ

230 3678 301 3740 dum
320 3684 386 3747 cst,
405 3683 432 3738 si
454 3687 563 3752 postea
583 3689 681 3744 tutore
701 3689 826 3742 auctore
845 3683 1032 3762 promittet.“
1072 3681 1186 3759 Negari
1205 3700 1268 3740 non
1282 3717 1284 3726 ‚
1296 3683 1354 3758 poi·

229 3775 294 3842 est,
322 3769 401 3830 hauc
425 3769 524 3848 legem
550 3773 578 3832 iu
604 3772 750 3852 pupilium
772 3781 915 3854 spectare
941 3793 1075 3853 posse,
1103 3775 1154 3852 qui
1182 3771 1354 3852 locupletior

228 3881 268 3937 ex
288 3882 340 3934 eo,
361 3861 444 3940 quod
464 3862 586 3934 debuit,
628 3863 725 3927 luctus
748 3865 819 3935 luit,
853 3867 910 3927 sed
933 3865 1041 3928 eodem
1057 3867 1129 3947 jure
1167 3867 1198 3925 in
1217 3864 1354 3945 pupillum

227 3953 374 4014 retulisse
394 3973 460 4014 eum
490 3954 563 4013 milri
596 3953 700 4014 videor
735 3957 962 4038 locupletiorem
991 3977 1051 4016 non
1085 3957 1205 4018 lactum.
1247 3953 1353 4032 Utique

228 4044 377 4122 quomodo
404 4043 552 4108 Puclrte
581 4046 712 4126 probare
742 4049 909 4122 studuerit,
961 4047 1165 4130 Ulpianum
1208 4045 1353 4127 pupillum

226 4135 375 4198 inanimo
401 4135 562 4207 habuisse,
600 4139 639 4200 ed
667 4158 755 4218 quem
781 4139 895 4218 aliquid
922 4143 1107 4220 pervenerit,
1146 4139 1206 4201 lroc
1238 4135 1354 4220 probari

225 4244 283 4286 uon
309 4243 407 4306 posse
433 4227 524 4286 etiem
552 4230 604 4307 qui
639 4229 758 4308 11111111
779 4237 894 4294 tuntum
926 4238 1019 4312 atque
1056 4233 1154 4294 obiter
1192 4227 1353 4294 eueniat

224 4315 316 4385 rerba
336 4316 519 4398 inspexerit,
539 4319 698 4397 intelliget
1097 4339 1099 4344 ·
1241 4355 1244 4367 ·

301 4407 341 4485 ¹¹)
359 4405 498 4478 „Femer
523 4409 577 4470 der
599 4410 701 4489 Borge
728 4413 776 4473 lor
803 4413 862 4474 den
886 4413 1026 4497 Pupilteu
1053 4414 1133 4476 laun
1158 4415 1212 4476 mit
1236 4413 1351 4474 diesem

222 4497 369 4562 Eiuwaud
390 4494 465 4576 [der
491 4499 690 4578 mongeludeu
710 4503 960 4586 Bereiclterunp]
986 4505 1070 4567 niclrt
1089 4506 1198 4583 gehort
1217 4505 1347 4574 werden,
