2864 4976
636 327 879 404 ..50-

195 539 343 604 mandeti
362 529 452 602 ectio
476 553 542 600 non
568 537 736 619 competit,
758 551 919 618 perquem
936 534 1031 618 juste
1045 531 1330 616 estet-eleganter

196 640 296 704 dicte.
340 638 376 702 Si
399 638 484 702 enim
510 629 579 700 'non
601 646 859 700 succurreretur
876 633 1085 718 fidejussori,
1108 637 1260 720 qrromvis
1283 655 1329 698 ex

195 739 351 804 mundato
373 755 475 820 agere
498 750 613 820 posset
634 749 753 799 contro
769 733 936 818 pupillum,
959 733 1023 798 boc
1036 736 1145 815 ipsum
1163 735 1329 811 eveniret,

195 840 283 924 quod
306 839 436 922 legibus
458 838 593 901 vetitum
614 849 683 912 est,
713 835 868 918 pupillum
891 837 964 900 sine
985 837 1103 898 tutoris
1125 835 1342 900 auctoritate.

193 938 335 1004 civiliter
356 937 511 1020 obligari,
543 937 743 1000 deteriorem
764 939 864 1019 igitur
886 937 1014 1019 absque
1036 948 1145 1000 tutore
1164 937 1328 1000 conditio·

195 1059 270 1103 nem
293 1057 387 1102 sumn
409 1035 527 1101 fecere
552 1057 665 1122 posse.
711 1036 799 1119 Ergo
831 1057 897 1100 non
920 1047 1044 1100 tontum
1065 1057 1228 1120 aequum,
1262 1037 1329 1100 sed

195 1141 293 1204 etiam
315 1139 543 1200 necessarium
565 1137 695 1211 fnisset,
721 1135 908 1220 fidejussori
934 1137 1119 1212 subveniri,
1156 1136 1209 1199 cui
1235 1157 1328 1199 mon·

190 1237 263 1304 'uati
302 1237 390 1302 ectio
426 1257 591 1303 concesso
630 1250 729 1301 esset
761 1239 925 1302 adversus
966 1235 1144 1320 pupillum,
1183 1237 1330 1322 ideoque

194 1359 294 1426 quum
320 1338 570 1402 mandatieotio
591 1341 620 1402 ei
643 1361 707 1402 uon
731 1349 917 1423 competat,
952 1357 1095 1402 necesse
1122 1336 1198 1420 luit,
1229 1348 1267 1400 ut
1295 1337 1330 1402 ei

193 1461 261 1506 uon
281 1439 507 1516 subveniatur,
528 1459 572 1504 ne
588 1441 764 1506 creditoris
787 1439 902 1524 pupilli
925 1438 1068 1501 conditio
1092 1437 1238 1502 deterior
1258 1436 1330 1500 liet.-

194 1571 199 1585 ›
279 1539 308 1605 ³.
334 1540 485 1623 Pignus
507 1559 639 1624 quoque
661 1542 817 1606 constitui
838 1561 940 1624 posse
964 1561 1025 1624 pro
1047 1539 1188 1604 naturali
1217 1537 1328 1622 pupil-

192 1641 297 1706 lorum
330 1640 532 1722 obligatione
566 1640 739 1702 dicendum
772 1643 880 1714 est10).
923 1641 959 1702 lo
989 1640 1120 1723 legibus
1144 1639 1230 1702 enim
1262 1639 1329 1702 etsi

192 1739 271 1806 nibil
303 1739 465 1824 ejusmodi
492 1739 695 1814 invenietur,
727 1753 836 1804 temen
870 1761 912 1803 ex
938 1741 1018 1822 ipse
1037 1739 1331 1826 pigritudo-nature

193 1842 262 1905 boo
300 1852 460 1924 apparet,
503 1839 625 1922 quippe
663 1842 752 1924 quod
789 1861 850 1924 pro
887 1861 1086 1926 quecunque
1124 1841 1327 1926 obligatione

194 1942 265 2004 deri
283 1961 418 2023 posse,
464 1936 517 2000 oei
542 1959 603 2023 pro
640 1938 748 2018 civili,
792 1940 845 2002 uel
879 1939 1077 2016 honorario,
1112 1940 1166 2002 oel
1197 1949 1329 2002 rmum

193 2039 343 2103 naturali
385 2038 619 2104 Marcianus
669 2041 824 2122 dicatu).
890 2039 931 2102 Et
974 2041 1019 2102 ita
1060 2039 1192 2123 quidem
1236 2038 1328 2102 velet

192 2141 339 2227 pignus,
375 2150 422 2216 ut,
451 2139 603 2225 quamvis
644 2139 676 2202 in
712 2139 867 2222 pupillum
906 2141 993 2203 actio
1036 2160 1103 2202 non
1144 2149 1328 2222 competat,

192 2253 303 2306 tamen
341 2240 471 2304 debitor
505 2241 743 2324 pignoraticius
776 2239 895 2304 utiliter
927 2235 1200 2320 convenietur-¹²).
1241 2238 1331 2304 Sunt

150 2335 153 2340 ’
192 2333 323 2429 quidem
366 2342 442 2418 leti,
486 2342 541 2424 qui
581 2339 706 2404 firmius
756 2361 834 2406 esse
875 2343 995 2426 pignus
1040 2361 1139 2426 quum
1182 2340 1328 2405 debitum

192 2443 443 2528 pigruernticium
474 2441 517 2503 ob
541 2444 769 2506 accessorium
792 2445 940 2525 pignoris
962 2454 1112 2506 emturum
1142 2450 1327 2527 negentn),

193 2545 253 2610 sed
278 2563 320 2607 ex
346 2541 411 2606 hec
433 2541 773 2607 accessoriomatura
797 2543 875 2607 nibil
892 2545 1057 2628 sequitur,
1080 2565 1178 2628 quum
1206 2543 1328 2608 dietum

191 2644 283 2728 illud,
306 2643 425 2729 pignus
448 2640 676 2708 accessorium
701 2664 781 2726 prce
798 2665 836 2706 se
849 2642 1119 2721 serrenetmem,
1141 2643 1221 2707 nibil
1235 2644 1327 2708 eliud

192 2744 289 2824 velit,
321 2765 420 2830 quent
442 2765 587 2812 necesso
610 2765 706 2828 esse,
739 2744 897 2826 obligatio
920 2744 1029 2830 ulique
1060 2745 1251 2830 principalis
1271 2746 1328 2822 sit,

87 2852 89 2856 ’
192 2843 355 2928 adquam
379 2845 499 2928 pignus
523 2849 689 2912 accedere
713 2847 830 2931 possit,
854 2847 1090 2920 minimevero,
1112 2845 1330 2912 accessoriae

204 3035 407 3046 m

268 3148 308 3224 ιο)
328 3147 558 3219 obliuecbel,
579 3149 740 3232 nepueu.

184 3264 186 3268 ·
269 3242 310 3316 ¹¹)
331 3241 438 3321 l.5.pr.
454 3241 492 3301 de
511 3243 624 3322 pigner.
643 3241 763 3317 (20.1.).

269 3335 308 3412 ¹²)
330 3334 392 3395 Sed
415 3339 476 3392 tum
501 3341 615 3395 tentum
642 3336 755 3396 firmius
775 3343 825 3400 est
847 3325 974 3417 pignus,
1003 3354 1092 3414 quam
1118 3335 1250 3397 debitum
1275 3359 1330 3417 pu·

192 3429 256 3510 pilli
274 3427 428 3498 naturale,
453 3447 542 3505 quum
563 3450 623 3490 non
643 3429 710 3510 ipse
730 3428 877 3510 pupillus,
902 3427 959 3488 sed
981 3433 1143 3490 extraneus
1163 3428 1193 3488 id
1214 3433 1329 3492 consti-

191 3522 257 3584 tuit.
295 3520 372 3580 Nam
386 3521 456 3599 ipse
472 3521 604 3602 pupillus
623 3524 692 3584 sine
710 3523 819 3610 tutoris
835 3522 1013 3582 auctoritate
1032 3521 1236 3600 hypothecam
1251 3523 1327 3586 dare

190 3632 249 3672 non
268 3617 373 3690 potest
394 3610 605 3693 [l.l.pr.quae
627 3635 676 3675 res
698 3614 814 3693 pignori
835 3612 894 3686 (20.
907 3611 973 3692 3.)],
997 3631 1087 3691 quum
1108 3615 1227 3676 omnino
1249 3614 1326 3676 nibil

190 3705 322 3767 alienare
345 3704 374 3764 ei
395 3703 492 3766 liceat.
533 3705 648 3767 Verum
668 3708 758 3766 etiam
786 3725 825 3765 ue
845 3710 946 3764 tutore
974 3705 1096 3783 quidem
1116 3713 1239 3767 auctore
1267 3709 1327 3770 rite

189 3797 301 3876 pignus
320 3795 512 3856 constituitur
526 3799 695 3860 secundnm
716 3798 880 3860 orationem
898 3795 1046 3868 Severi,
1066 3797 1124 3860 sed
1139 3799 1252 3881 judicis
1272 3799 1326 3864 tle·

189 3895 303 3949 oretum
324 3889 515 3966 exposcitur,
535 3898 568 3950 ut
587 3891 669 3952 utilis
696 3891 737 3949 sit
757 3889 799 3948 rei
820 3889 965 3967 obligatio
984 3911 1002 3950 a
1021 3892 1136 3971 pupillo
1156 3899 1256 3954 tutore
1270 3913 1327 3955 orn·

189 3987 274 4042 etotc
295 3981 376 4042 saeta
397 3979 464 4060 [tl
478 3981 502 4060 b
517 3981 544 4045 2.
557 3980 597 4042 do
616 3983 679 4042 reb.
691 4001 805 4042 eorum.
824 3979 884 4053 (27.
898 3981 968 4061 9..)]

265 4071 306 4143 ¹³)
325 4070 370 4132 lte
388 4067 567 4151 pritesertim
582 4074 733 4142 Weber,
749 4073 918 4136 nottirlicbc
930 4073 1194 4140 Verltiedliebkeit
1214 4077 1324 4155 §.-107.

188 4162 277 4224 Alios
306 4161 425 4228 videbis
444 4165 554 4226 allatos
571 4167 654 4247 opud
679 4166 976 4244 Vungeroviom,
990 4167 1165 4232 Pendeetcn
1184 4169 1276 4234 Bul.
1291 4173 1321 4249 ὁ.

189 4251 253 4314 364.
263 4251 394 4330 Anmltg
408 4253 433 4312 2
1152 4311 1154 4320 .
