2864 4976
529 359 753 435 .-7-

70 561 183 633 ¹ectio
210 561 366 645 veniit)
389 564 409 625 i.
427 583 456 626 6.
484 563 729 645 6161661616(Ι
760 562 929 648 ebfigntio,
952 563 1066 646 justus
1086 565 1203 649 pnpilli

71 681 264 732 consensus
284 670 317 730 ct.
336 661 556 728 contrahendi
579 663 708 728 animus
729 683 794 731 666
811 661 1017 747 exposcitur,
1038 665 1141 729 cedei
1159 685 1202 730 ex

70 762 158 844 ipsis
180 761 278 826 sectis
299 760 445 850 suisvel
467 760 551 826 alius
575 763 765 847 cujusdam,
792 785 836 828 ex
862 765 937 846 ipso
966 765 1100 846 negotio
1122 763 1203 828 obli·

70 872 172 944 gatur
193 861 349 945 pupillus,
368 863 462 926 verbi
480 862 587 946 gretia
604 865 632 927 si
656 865 730 947 quis
752 887 813 947 pro
838 865 1026 946 eonegotia
1046 867 1202 948 gesserit,

70 962 102 1025 si
125 981 247 1025 servus
270 962 341 1048 ejus
360 963 448 1025 aliud
470 961 592 1026 animal
616 965 807 1046 pauperiem
824 963 957 1040 fecerit,
979 965 1008 1027 si
1031 965 1109 1048 quid
1130 965 1203 1048 ipse

69 1073 133 1124 aut
158 1069 333 1126 extraneus
365 1083 407 1126 cx
439 1063 537 1126 domo
570 1083 632 1126 sua
664 1062 817 1127 effuderit
848 1063 1054 1148 dejeceritve
1089 1075 1152 1128 etc.
1163 1068 1202 1147 ⁸).

70 1159 172 1234 Quae
192 1183 290 1246 quum
311 1165 356 1228 ita
384 1166 463 1242 sint,
487 1165 529 1246 ad
551 1163 613 1228 bas
635 1165 835 1249 pupillorum
857 1165 1077 1250 obligationes
1100 1187 1202 1250 quee-

71 1262 215 1324 stionem
234 1277 379 1328 nostram
402 1285 468 1329 666
490 1276 647 1347 spectare
669 1258 822 1348 apparet,
845 1265 906 1328 sed
930 1276 1054 1329 tautum
1070 1269 1112 1329 ad
1130 1287 1202 1348 eas,

70 1381 173 1444 quae,
195 1371 230 1426 ut
258 1363 432 1446 perfectae
457 1363 534 1438 sint,
551 1365 677 1450 justum
706 1363 968 1429 contrahentium
1001 1385 1201 1430 consensum

69 1476 262 1545 exposcunt
282 1465 343 1530 16.
364 1467 406 1528 ad
424 1477 625 1534 contractus.
671 1465 794 1531 Verum
816 1469 913 1528 etium
936 1487 1034 1550 quum
1058 1464 1202 1550 locuple·

70 1565 138 1626 tior
158 1561 268 1628 sactus
291 1575 343 1628 est
366 1563 508 1650 pupillus
537 1586 579 1628 cx
603 1565 753 1648 negotio,
781 1566 869 1648 quod
894 1565 967 1629 sine
996 1576 1105 1630 tutore
1128 1586 1201 1632 cum

70 1663 139 1726 alio
155 1665 334 1740 contraxit,
354 1663 493 1748 obligari
517 1685 590 1727 eum
611 1687 676 1728 666
700 1663 804 1728 solum
820 1663 1025 1744 naturaliter,
1048 1667 1109 1728 sed
1126 1688 1202 1730 eon-

69 1764 178 1834 veuiri
201 1784 322 1847 posse,
349 1784 446 1831 nemo
469 1775 536 1842 est,
566 1766 620 1849 qui
649 1765 789 1847 dubitet,
820 1785 893 1831 num
916 1763 983 1832 boc
1006 1776 1124 1830 natura
1147 1786 1201 1828 ae-

71 1885 171 1951 quum
193 1875 256 1946 est,
280 1861 557 1948 Pomponium)
580 1866 636 1941 ait,
660 1867 822 1943 neminem
845 1885 918 1930 cum
941 1863 1077 1932 alterius
1099 1866 1203 1930 detri-

73 1977 184 2030 mento
214 1963 284 2031 fieri
311 1963 563 2048 locupletiorem
573 1971 628 2040 10).
672 1965 846 2038 Quatenus
869 1975 978 2032 661616
1002 1963 1203 2047 locupletior

79 2133 282 2146 ...φα-...μ-

74 2247 100 2322 d.
110 2245 136 2306 l.
147 2245 187 2310 (16
198 2245 297 2324 sepul.
310 2237 450 2320 6161647.
461 2245 532 2320 la).
553 2245 570 2304 1.
582 2243 625 2304 13.
642 2243 701 2321 §.b
714 2243 836 2307 dedolo
851 2241 1042 2319 666161(4.3.).
1061 2242 1112 2304 14.
1125 2241 1204 2320 §.lb

74 2337 116 2401 (16
129 2336 191 2398 (161.
207 2355 273 2396 exc.
287 2336 346 2412 (44.
360 2339 401 2412 4.)
416 2341 476 2400 etc·

150 2427 179 2503 7)
199 2428 217 2486 l.
229 2427 276 2488 46.
288 2425 378 2488 (160.
394 2433 426 2487 61
439 2429 476 2490 Α.
492 2427 552 2498 (44.
563 2424 616 2500 7.).

151 2517 271 2594 ο)16(16
292 2519 440 2586 tenebitur
463 2517 597 2598 pupillus
618 2518 737 2579 6611666
756 2519 905 2580 communi
927 2517 1082 2580 dividendi
1102 2517 1200 2598 [129.

75 2631 118 2689 pr.
128 2629 207 2673 com.
217 2609 275 2670 dir.
287 2609 404 2685 (10.3).
417 2608 493 2673 teu
508 2629 562 2688 pro
573 2611 660 2672 socio
671 2608 730 2686 (17.
738 2609 787 2684 2.).
801 2608 1054 2673 1.46.(160.61Α.
1069 2611 1127 2684 (44.
1136 2608 1203 2688 7.)],

72 2701 191 2770 actone
210 2701 250 2763 ed
271 2701 475 2766 exhibendum
499 2701 532 2778 [Ι.
546 2701 574 2765 l.
589 2701 654 2778 §.2
671 2701 725 2762 11.
746 2701 894 2763 commod.
908 2700 968 2776 (13.
982 2700 1056 2779 6.)],
1082 2701 1202 2760 6611661-

72 2796 132 2855 bue
152 2795 308 2854 noualibus
329 2791 367 2872 [1.
377 2792 407 2854 2·
420 2791 446 2872 6.
456 2791 500 2852 le.
512 2793 541 2854 vi
552 2793 619 2854 boo.
632 2798 710 2869 rapt.
726 2791 784 2865 (47.
799 2790 880 2869 8.)],
908 2791 1026 2852 actione
1047 2791 1204 2854 tributaria

73 2885 147 2967 [13.
162 2887 221 2964 §.2
236 2885 276 2952 (16
289 2886 355 2949 trib
370 2890 429 2946 eet.
443 2883 503 2958 (14.
515 2881 581 2964 4)),
599 2885 719 2947 actiooe
740 2884 872 2962 depositi
894 2881 926 2962 [Ι.
939 2883 963 2945 1.
976 2881 999 2960 d.
1012 2882 1055 2944 15.
1070 2882 1201 2963 depositi

72 2977 201 3058 (163)]
222 2985 283 3041 616.

150 3073 175 3146 ⁹)
196 3070 215 3133 l.
225 3069 272 3140 14.
287 3069 327 3133 (16
340 3068 429 3131 cond.
445 3067 545 3131 indeb.
561 3065 620 3141 (12.
633 3067 683 3141 6.).
705 3066 724 3128 Ι.
739 3064 806 3127 206.
821 3066 860 3128 de
874 3066 912 3127 lt.
927 3065 1106 3144 16617).

149 3164 189 3238 ¹⁰)
204 3161 415 3242 Compluribus
426 3158 657 3240 legibus[l.l.pr.
668 3159 964 3238 l.5.pr.deauct.tut.
971 3159 1029 3236 (16.
1037 3161 1088 3236 8.).
1096 3162 1148 3224 tu.
1156 3184 1201 3244 pr.

73 3253 257 3319 commodati
277 3251 335 3328 (13.
349 3252 399 3327 6).
419 3252 438 3315 1.
450 3251 480 3315 3.
494 3251 519 3329 6.
526 3252 553 3312 4.
572 3253 590 3310 Ι.
603 3250 650 3310 34.
664 3248 704 3315 de
715 3257 877 3330 uegrgest.
892 3249 933 3324 (3.
949 3251 1004 3334 5)]
1027 3253 1103 3314 baec
1122 3257 1202 3316 aetio

71 3348 155 3419 inid,
177 3346 257 3426 quod
277 3347 415 3426 pervenit
434 3344 474 3404 ad
493 3343 649 3424 pupillum,
668 3363 712 3406 ex
730 3345 919 3424 rescripto
938 3343 977 3405 D.
996 3341 1053 3406 Pii
1074 3347 1138 3406 deri
1157 3347 1202 3408 di·

71 3444 157 3503 citm.
196 3437 296 3509 Quum
310 3456 417 3498 omues
436 3436 535 3496 adbuc
556 3435 609 3496 lcti
629 3437 852 3508 consentirent,
874 3436 931 3496 boc
955 3437 1074 3496 demum
1095 3439 1201 3496 rescri-

74 3539 129 3616 pto
148 3534 294 3593 actionem
314 3529 513 3592 introductam
533 3535 714 3598 66666616
736 3527 825 3589 Pium
847 3529 938 3604 igitur
960 3527 1092 3606 pupillos
1113 3549 1151 3588 66
1171 3531 1201 3590 16

73 3625 104 3688 id
123 3623 255 3704 quidem,
276 3621 356 3702 quod
375 3621 415 3684 ad
433 3623 657 3702 6666666611,
677 3621 830 3682 conveniri
852 3619 1007 3697 potuisse,
1027 3620 1201 3684 Saviuius

74 3713 613 3798 (061156116666666611166664.)
642 3719 672 3774 et
698 3732 737 3774 ex
757 3711 859 3773 allatis
878 3709 1073 3792 Pomponii
1100 3716 1202 3781 verbio

76 3807 442 3887 (1.14.(16666(1.16(161).)
469 3814 501 3871 et
526 3825 566 3868 ex
591 3807 660 3886 ipsa
686 3802 907 3869 condictionem
934 3809 966 3864 ct
990 3809 1200 3886 rescriptorum

75 3910 183 3966 notura
202 3902 333 3980 colligit,
350 3902 441 3962 etiam
461 3901 491 3960 in
515 3904 619 3960 vetere
635 3898 707 3977 jure
727 3904 797 3958 aute
818 3897 889 3958 illud
910 3899 1089 3974 rescriptum
1110 3897 1201 3958 actio·

74 4014 144 4056 nem
170 3992 270 4054 datum
296 4013 370 4052 6666
399 3991 539 4052 creditori
561 3994 589 4048 16
609 3989 756 4070 pupillum
776 4009 816 4048 ex
834 3989 958 4066 negotio
978 3984 1202 4064 locupletiorem

73 4086 195 4156 lectum,
213 4091 305 4164 atque
324 4085 534 4164 imperatorem
548 4081 636 4142 Pium
657 4081 730 4142 nibil
749 4079 829 4145 aliud
850 4079 973 4148 1661666,
993 4079 1052 4136 6161
1072 4084 1103 4140 61
1119 4081 1202 4162 judi·

74 4197 142 4240 cum
155 4179 318 4239 memoriae
338 4176 438 4236 denuo
457 4175 630 4246 inculcaret.
649 4176 802 4240 66116666
820 4191 880 4240 666
895 4191 968 4237 csse
982 4169 1201 4250 denegandam.

74 4269 142 4332 1166
156 4275 258 4332 eutem
272 4287 382 4332 uereor
400 4287 440 4328 66
459 4285 519 4334 666
539 4267 641 4346 possit
660 4264 789 4345 probari.
810 4281 897 4342 quum
918 4269 979 4328 aa
1002 4263 1145 4326 distincte
1166 4285 1202 4326 66
