2864 4976
497 381 747 458 ...35...

138 584 352 669 Ulpianus
378 587 410 650 in
436 585 456 652 1.
473 587 540 674 l.§.
557 589 585 650 1.
611 588 652 652 tle
679 601 804 654 novatt.
827 591 880 678 (§.
896 592 922 657 l.
937 594 1064 680 noti.)
1085 611 1187 661 aova-

56 686 176 749 tionem
201 685 332 770 justam
359 686 430 752 fieri
463 689 525 766 ait,
555 689 733 753 dummodo
761 711 907 776 sequens
939 691 1096 779 obligatio
1131 705 1188 762 aut

57 784 199 850 civiliter
228 799 357 866 teneat,
390 801 448 852 sot
475 787 687 868 naturaliter3
715 793 912 857 naturaliter
939 803 1049 858 nutem
1071 805 1187 862 tenera

56 885 305 971 stipulationem
344 907 366 949 n
392 885 517 970 pupillo
553 900 663 954 tutore
700 913 767 956 non
799 906 938 958 auctore
969 906 1187 966 contractam.

56 986 275 1071 Locupletior
292 986 320 1049 si
343 985 453 1052 foetos
473 987 613 1069 inisset,
641 988 783 1057 civiliter
812 1015 888 1058 erno
915 997 1021 1059 teneri
1043 1006 1188 1074 constat,

58 1107 97 1152 ex
118 1107 194 1174 quo
211 1087 382 1172 sequitur,
403 1088 625 1174 Ulpianum
649 1093 691 1156 de
714 1091 836 1176 pupillo
860 1094 1005 1160 loentum
1028 1117 1124 1179 esse,
1143 1097 1188 1162 ud

55 1210 148 1272 quem
179 1187 264 1252 nihil
297 1190 461 1272 parvenit.
510 1191 687 1265 Quomodo
724 1193 927 1277 igitur.fieri
959 1199 1122 1279 potuerit,
1152 1210 1189 1264 ut

59 1287 208 1352 Puohta
235 1288 323 1352 liaeo
345 1288 526 1372 Ulpiani
553 1295 658 1357 verba
685 1295 727 1356 ad
761 1293 916 1377 pupillum
944 1293 1072 1359 reserat
1098 1296 1188 1361 loon·

58 1388 227 1474 pletiorem
251 1387 386 1467 tactum,
408 1390 593 1476 intelligere
614 1415 666 1457 me
688 1415 756 1458 non
779 1416 884 1478 posse
909 1394 1082 1474 confiteor.

135 1491 171 1554 ln
196 1489 230 1554 ll.
250 1490 302 1553 21.
325 1514 374 1574 pr.
393 1493 434 1554 ad
459 1491 482 1556 l.
502 1493 595 1556 Falc.
617 1498 630 1575 (
639 1496 666 1577 §.
686 1495 713 1558 1.
730 1506 796 1559 not.
808 1496 857 1580 7.)
880 1507 913 1559 et
933 1495 985 1558 tt.
1007 1496 1049 1560 da
1076 1495 1187 1564 solutt.

56 1592 99 1679 (§.
116 1593 141 1659 l.
156 1603 228 1658 not.
243 1591 291 1675 8.)
315 1593 471 1657 Paulus
497 1605 530 1657 et
554 1595 793 1660 Marcianus
823 1593 1000 1680 pupillum,
1032 1598 1087 1682 qui
1114 1598 1187 1664 sina

56 1697 173 1758 tutoris
190 1690 392 1756 auctoritate
417 1695 592 1778 pecuniam
616 1698 751 1780 aceepit
774 1705 808 1760 ot
826 1697 946 1760 deiude
968 1717 990 1759 a
1021 1699 1190 1764 creditore

56 1791 199 1876 legatum
220 1794 379 1858 meruerit
402 1795 464 1857 sub
487 1797 693 1876 eottditione,
717 1799 746 1860 si
769 1809 915 1860 mutuum
939 1797 1055 1862 beretli
1077 1801 1187 1864 reddi*

56 1894 149 1972 derit,
170 1897 205 1959 in
229 1895 314 1959 duas
337 1915 463 1959 oaosas
486 1915 684 1961 numerasse
705 1898 811 1960 videri
834 1898 959 1975 dieunt,
982 1909 1016 1961 et
1037 1899 1069 1961 in
1093 1887 1196 1964 deon

57 2005 119 2058 tum
151 2017 250 2062 suurn
280 1994 460 2082 (liberatur
493 1997 644 2060 naturali
666 1995 888 2084 obligatione),
921 2009 955 2061 et
989 1999 1188 2064 conditionis

57 2095 243 2178 implendae
274 2099 394 2181 gratia.
439 2097 533 2162 Haeo
554 2099 659 2162 verbo
683 2099 825 2160 lotorum
853 2097 920 2160 alio
949 2098 1049 2161 modo
1078 2099 1189 2180 aptari

57 2198 96 2259 ad
119 2199 288 2282 opinionis
311 2211 530 2263 oomrnentum
555 2219 619 2260 non
646 2208 835 2278 potuerunt,
859 2217 956 2280 quam
979 2199 1118 2274 verbis,
1121 2197 1189 2273 ‚dte

58 2295 319 2382 Untersuohung
341 2301 402 2365 des
424 2298 699 2362 Ersorderntsses
724 2296 801 2379 [der
825 2296 1093 2384 Ber-eicherung]
1114 2295 1189 2362 fatte

62 2397 141 2460 aber
169 2397 255 2463 auch
277 2397 392 2462 lernen
424 2419 515 2482 weg,
547 2417 644 2460 wenn
672 2397 725 2459 die
753 2395 906 2484 Zahlong
935 2398 1008 2464 dem
1035 2398 1188 2510 Pupillan

61 2494 109 2562 als
132 2498 374 2584 Bedingong
345 2519 439 2562 eines
463 2497 589 2582 Legats
611 2495 745 2580 gestellt
768 2495 853 2560 1511ςί

136 2600 228 2663 lnter
256 2620 373 2664 omnes
403 2599 544 2662 maxime
569 2600 720 2681 urgenda
742 2597 838 2665 estl
852 2597 904 2662 95
921 2597 987 2683 §.2
1009 2600 1051 2662 de
1074 2597 1187 2664 soluti.

59 2699 316 2786 (§.l.not.ll.),
339 2700 393 2762 obi
419 2699 668 2782 Papinianus
709 2699 803 2777 dion,
839 2701 1038 2763 creditorem
1072 2697 1187 2780 pupilli

58 2818 99 2862 ex
121 2813 250 2878 mutuo,
273 2823 372 2886 quum
398 2800 498 2862 heres
522 2801 595 2883 ejus
617 2801 773 2880 exsistat,
802 2821 868 2862 non
892 2809 1015 2884 quanto
1038 2796 1189 2882 locuple-r

57 2901 119 2966 tior·
136 2902 251 2966 lactus
273 2903 318 2966 sit
339 2897 501 2984 pupillus,
525 2900 701 2982 consequi,
725 2899 795 2962 sed
827 2902 869 2962 in
892 2899 1071 2964 solidum
1093 2921 1186 2966 ore·

57 3001 180 3066 ‹liturn
206 3023 321 3068 soum
350 3022 398 3064 ex
427 3000 669 3064 hereditate
699 3001 902 3067 retinere.
953 2998 996 3064 Et
1018 3002 1189 3086 quomode

58 3100 207 3167 Puohta
239 3103 339 3188 hujus
366 3099 453 3186 legis
483 3100 546 3164 vim
574 3121 616 3165 ao
647 3113 847 3185 potestatem
879 3101 1025 3186 frangit?
1067 3101 1188 3168 Altera

55 3213 105 3266 est
121 3204 291 3286 exceptio,
314 3202 428 3287 iuquit,
447 3202 478 3266 in
499 3199 697 3266 confusione
718 3204 805 3268 enirn
824 3202 905 3268 nihil
918 3203 1069 3282 interest,
1077 3217 1187 3269 utrum

53 3302 174 3388 aliquid
197 3303 389 3388 pervenerit
411 3303 454 3365 ad
478 3300 648 3383 pupillum,
671 3324 735 3368 nec
758 3323 810 3367 ne.

136 3403 232 3468 Haeo
254 3403 353 3486 longe
375 3401 569 3467 sufficerent
599 3403 643 3464 ad
663 3401 831 3466 Puohtai
858 3401 1046 3485 opinionem
1076 3404 1187 3487 rejici·

55 3504 174 3567 endam
203 3505 343 3588 ejusque
371 3501 480 3586 legum
514 3501 810 3585 interpretationes
842 3501 1093 3585 reprobandas,
1121 3525 1190 3568 neo

53 3623 141 3687 opus
156 3616 265 3680 esset,
287 3605 351 3668 alia
374 3603 599 3668 Romanorum
622 3601 765 3664 lotorum
788 3601 987 3686 fragmenta,
1009 3621 1095 3688 quae
1113 3606 1186 3691 ejus

53 3703 201 3786 opinioni
225 3705 374 3787 obstant,
396 3703 534 3778 afferre,
557 3699 692 3766 nisibin
711 3700 803 3766 lotus
825 3701 891 3766 duo
916 3723 1031 3768 aarum
1049 3704 1094 3768 ita
1110 3727 1191 3790 pet·¹
1265 3721 1271 3732 ’

53 3821 157 3866 verse
179 3823 218 3869 aa
239 3818 367 3870 temere
396 3803 618 3868 intellexisset
642 3812 742 3886 atque
764 3804 997 3886 interpretatus
1018 3815 1112 3870 esset
1132 3805 1187 3870 iis·

52 3921 119 3988 que
138 3903 360 3988 subjecisset,
389 3905 478 3988 quod
501 3903 630 3968 minime
652 3901 684 3964 in
705 3901 745 3967 iis
758 3902 858 3983 inest,
881 3914 917 3968 ut
937 3902 1010 3968 lieri
1029 3916 1190 3989 nequeat

52 4003 130 4088 quin
152 4023 195 4070 ea
217 4007 376 4071 omittam.

56 4141 260 4158 m

52 4227 82 4286 iu
110 4225 215 4288 salner
240 4225 455 4290 Uenernalrms
480 4225 534 4288 ter
555 4223 673 4288 setutd
698 4225 774 4302 liegt
799 4222 856 4282 das
884 4219 1186 4319 Uebareiolrommem

53 4315 129 4380 dues
150 4317 209 4380 dn
230 4316 441 4380 Eriordarnirr
460 4317 631 4381 existirol“
651 4319 705 4379 la
718 4337 768 4396 με.
780 4313 846 4376 utta.

928 4423 976 4488 ³·
1093 4365 1116 4444 ’ἢ
