2864 4976
673 261 924 334 ..18-

238 467 568 550 earumipsarum,
591 463 680 530 baec
696 463 803 528 audit:
826 461 932 541 „Eiaa
954 460 1188 544 palemone
1215 457 1387 523 Romen.

127 567 133 576 '
239 579 321 651 tang
343 565 434 633 lehre
454 564 528 630 also
550 586 590 628 zn
614 565 675 628 der
698 562 985 644 Uenerzeugang,
1013 563 1095 626 dass
1118 562 1194 626 aina
1219 559 1384 623 Vereini-

238 688 329 752 gung
343 667 443 751 jener
461 663 586 730 Stelleu
608 665 639 728 in
664 665 723 726 dar
742 661 828 725 'l'hat
849 662 942 726 uiola
965 661 1107 747 megliolr
1129 663 1185 738 ist,
1204 661 1301 724 dass
1327 659 1382 721 wir
1415 716 1416 757 p

238 767 398 834 vielmalrr
417 765 490 830 hier
511 767 608 830 einen
629 761 887 847 unaulgcliisten
907 764 1011 826 Streit
1028 764 1090 828 der
1106 759 1313 826 romiscbea
1331 757 1382 820 Ju

237 867 341 938 risten
369 886 432 928 vor
460 885 523 928 uns
544 864 671 940 haben,
704 865 764 928 der
792 883 854 926 aus
878 862 1055 930 Versehen
1077 865 1109 927 in
1132 863 1188 925 ‹lia
1213 859 1381 941 Digesten

237 967 294 1038 tuit
315 962 570 1046 aulgcuummeu
592 963 715 1044 istun.
760 964 926 1037 Quantum
955 965 998 1026 arl
1026 985 1096 1028 rem
1121 965 1235 1046 ipsam
1259 957 1380 1024 Savi-

236 1064 326 1134 nius
347 1083 409 1126 eos
431 1060 561 1146 laudat,
581 1063 637 1148 qui
659 1063 855 1128 naturaliter·
876 1064 1017 1146 obligari
1040 1063 1203 1149 pupillum·
1225 1071 1363 1144 putant.

321 1161 438 1246 Neque
468 1183 548 1228 vero
576 1165 790 1247 comprobari
817 1183 921 1247 possa
953 1164 1102 1252 videtur,
1128 1181 1235 1248 qnam
1258 1161 1380 1224 Savi-

236 1263 328 1332 uius
342 1262 375 1330 iu
387 1264 624 1345 pertractamla
643 1265 840 1346 quaestione
860 1264 930 1332 iniit
950 1265 1048 1346 viam,
1070 1284 1168 1348 qaum
1191 1281 1378 1344 nunqnam,

235 1364 299 1432 nisi
325 1381 455 1432 summa
480 1363 513 1426 iu
543 1365 774 1446 componendo
806 1363 945 1430 discidio
965 1381 1072 1444 opera
1098 1361 1227 1426 frustra
1254 1373 1379 1426 navata

236 1465 290 1542 sit,
307 1463 431 1528 licitum
452 1465 548 1528 nobis
569 1477 736 1550 putemne,
754 1464 955 1548 negligentia
970 1461 1226 1546 compilatorum
1245 1461 1280 1524 in
1300 1481 1375 1543 pan·

237 1565 356 1627 doctas
387 1564 528 1625 aliamve
547 1566 711 1648 'corporis
733 1565 821 1648 juris
852 1575 979 1650 partem
1011 1574 1148 1645 recepta
1176 1583 1264 1627 esse
1288 1562 1377 1624 dieta

176 1741 179 1745 .
235 1664 378 1726 lctorum
401 1663 611 1740 existimare,
644 1665 762 1749 quibus
786 1682 865 1726 vera
890 1663 1067 1728 antinomia
1090 1663 1178 1726 insit.
1226 1660 1375 1746 Saepius

236 1763 367 1846 quidem
390 1761 627 1845 compilatores
650 1763 811 1847 ejusmodi
835 1763 966 1847 culpam
987 1763 1247 1840 commeruisse,
1277 1781 1374 1827 nemo

238 1872 306 1938 est,
339 1861 394 1946 qui
415 1873 528 1942 negat,
550 1881 658 1946 neque
687 1885 864 1948 operarum
895 1864 1093 1948 gravitatem
1107 1882 1160 1928 *ae
1183 1862 1373 1940 rinolentiae

235 1963 487 2044 inspicientibus
521 1962 636 2026 mirum
675 1985 743 2037 rrae
774 1965 873 2032 valde
909 1962 1373 2048 vituperandumfvidebitur.

236 2062 310 2134 Sed,
328 2063 417 2146 quod
440 2063 555 2128 attinet
576 2063 619 2124 ad
643 2074 790 2130 nostram
813 2065 1057 2148 quaestionem,
1076 2062 1287 2130 necessitate
1312 2081 1372 2127 uos

236 2177 376 2238 epactas
397 2184 491 2239 essa,
513 2163 683 2228 decedere
702 2184 724 2226 a
741 2165 853 2228 studio
869 2163 1152 2228 conciliandorum
1167 2163 1296 2246 legum,
1316 2183 1373 2228 au·

235 2264 469 2348 tinomiamque
485 2274 645 2347 statuere,
666 2265 796 2334 minime
815 2265 988 2348 probatum
1006 2265 1145 2342 videtur,
1164 2283 1277 2348 nequa
1300 2263 1373 2326 Sa·

237 2363 369 2426 vinias
387 2374 423 2424 ut
443 2365 619 2444 probaret,
642 2383 779 2447 operam
803 2363 900 2428 dedit.
944 2362 1051 2444 lmmo'
1068 2381 1268 2446 persuasum
1292 2362 1371 2424 milri

235 2460 365 2538 habeo,
395 2462 495 2546 culpa
515 2461 641 2526 lactum
667 2483 734 2525 non
755 2483 852 2537 esse,
882 2462 1145 2546 quod'legantur
1167 2463 1199 2526 ln
1226 2463 1371 2542 digestis

236 2562 340 2626 verba
360 2561 532 2625 Neratii
556 2575 588 2626 et
611 2563 761 2625 Licinii
784 2561 934 2638 liuilni
958 2563 1083 2645 sediis,
1107 2559 1369 2646 quaePaulus‚

234 2661 457 2745 UlpianuS,
484 2662 742 2758 Papinianus
766 2665 870 2729 ceteri
887 2663 1066 2746 disputant,
1089 2661 1191 2732 lacila
1210 2681 1370 2745 capesse

235 2761 352 2850 aptari,
859 2763 863 2766 ’
927 2845 930 2852 ’

318 2859 575 2926 Diversissimas
598 2865 729 2952 quidem
753 2861 871 2948 singuli
889 2861 947 2926 lcti
968 2862 999 2937 iu
1025 2863 1268 2956 componendis
1288 2859 1369 2944 legi·

235 2960 298 3036 bus
325 2959 466 3022 inierunt
495 2962 588 3048 vias,
622 2984 705 3046 quas
735 2965 849 3046 plaucis
877 2975 911 3029 ut
934 2961 1092 3042 referam,
1122 2961 1211 3045 opus
1235 2961 1371 3034 videtur

235 3077 332 3140 esse,
359 3058 551 3150 priusquam
577 3081 663 3146 quae
687 3061 763 3134 milri
787 3051 929 3146 probata
951 3063 993 3135 sit
1023 3063 1279 3149 jptcrpretallm
1308 3082 1371 3127 aa*

233 3177 365 3240 popam
955 3189 961 3203 ι

752 3347 866 3444 §.a

199 3591 202 3597 ·
316 3563 384 3644 Ipsi
409 3564 479 3646 jam
507 3563 716 3648 glossatores
727 3567 755 3646 1)
786 3560 884 3626 valae
912 3564 1049 3626 diuersa
1071 3566 1112 3629 da
1134 3569 1368 3650 componendo

233 3661 343 3748 legum
372 3662 512 3726 discidio
541 3663 677 3746 opinati·
698 3676 789 3741 sunt,
818 3685 956 3748 quorum
980 3663 1080 3727 multa
1102 3663 1202 3728 refert
1232 3665 1367 3761 glossa-

232 3815 435 3829 *1-

306 3901 320 3940 e

309 3903 333 4066 ¹l
353 3895 567 4054 liloslalrlmm
598 3991 756 4070 opiniones
782 4000 814 4061 ut
842 3995 1169 4072 concanonicorum
1188 3995 1365 4061 Pandeetaa

231 4095 289 4139 scu
308 4077 441 4156 Digesta
459 4083 536 4160 juris
557 4083 656 4148 civilis
677 4103 744 4147 eum
763 4085 937 4155 accurrit
954 4086 1179 4157 eemmffllarllfl
1199 4093 1233 4154 Ol
1250 4088 1364 4160 dudi*

227 4169 374 4231 simorum
396 4172 523 4231 virorum
544 4175 800 4246 annotationibus.
822 4173 872 4236 lll.
885 4175 1211 4252 rol.4⁰.Veaei2lfifill
1291 4203 1295 4210 ·
