2864 4976
523 329 766 408 ...39-

43 534 230 622 pupillum
254 535 329 600 stne
349 543 460 600 tutore
480 533 733 602 contrahentem
757 535 921 620 concedit,
940 538 1003 610 aad
1025 557 1094 604 non
1116 557 1206 608 um-

43 653 112 720 per
132 631 349 701 naturaliter
362 633 514 720 obligari.
555 634 641 700 Nam
657 654 699 698 ex
714 644 829 724 mutuo
850 634 990 721 obligari
1011 658 1086 704 eum
1107 650 1206 706 natu·

43 734 187 814 raliter,
214 733 350 799 itemex
369 734 513 818 negotiis
536 755 596 817 pro
620 733 686 798 alic
708 735 828 820 gestis,
850 755 893 800 ex
917 738 1097 804 novatione
1117 751 1206 810 etex

43 853 267 921 quacunque
288 835 522 918 promissione,
542 833 572 898 si
593 832 817 918 fidejussores
836 837 1002 912 dedisset,
1030 859 1097 902 nen
1122 858 1204 906 vere

44 955 88 1000 ex
117 937 228 1000 nuda
250 935 486 1017 promissione.
532 934 672 1008 Quoties
695 939 779 1000 enim
809 935 950 1000 Romani
979 937 1038 1002 lcti
1063 959 1105 1002 ax
1128 959 1204 1022 pro·

44 1036 225 1102 missione
240 1034 438 1098 naturaliter
451 1033 610 1119 pupillum
627 1034 769 1119 obligari
782 1035 940 1119 dicante),
962 1060 1097 1123 semper
1120 1037 1203 1104 lide·

40 1121 239 1222 jussoretn¹
255 1155 330 1198 eum
354 1136 505 1218 dedisse,
537 1155 801 1200 commemorare
830 1156 911 1215 eos,
943 1140 993 1204 sin
1018 1161 1099 1206 vero
1122 1139 1203 1206 fide·

39 1237 253 1320 jussoribus
274 1235 363 1300 haud
385 1235 540 1300 adhibitis
560 1233 682 1320 aliquid
703 1234 911 1318 promiserit,
938 1257 980 1302 ne
999 1237 1202 1322 {naturaliter

49 1339 192 1421 quidem
221 1357 297 1401 cum
325 1335 447 1417 teneri,
476 1336 522 1400 ita
545 1347 579 1400 ut
604 1341 732 1420 optimo
743 1335 822 1420 jure
844 1336 1041 1407 Neratius
1070 1341 1202 1418 dixerit,

46 1437 139 1530 quod
166 1435 319 1524 pupillus
344 1436 416 1496 sine
441 1437 558 1498 tutoris
585 1438 781 1500 auctoritate
805 1436 978 1521 stipulanti
1001 1439 1199 1525 promiserit,

47 1535 211 1616 coluerit,
230 1534 376 1621 repetitio
398 1542 464 1611 cst,
492 1535 571 1628 quia
589 1557 651 1598 nec
677 1545 802 1600 nutura
824 1535 926 1605 debet.
970 1539 1079 1612 Quum
1101 1539 1200 1623 igitur

47 1637 123 1700 sine
166 1635 432 1721 fidejussoribus
468 1633 613 1716 pupillus
647 1656 713 1700 nec
742 1635 882 1702 civiliter
911 1657 976 1702 nec
1006 1639 1200 1704 naturaliter

49 1748 232 1816 teneatur,
258 1734 443 1800 naturalem
466 1734 539 1820 ejus
563 1735 799 1821 obligationem
824 1737 1082 1824 fidejussoribus
1104 1738 1198 1804 adhi-

49 1837 127 1901 bitis
146 1840 185 1902 in
208 1837 339 1920 legibus
360 1835 504 1918 agnitum
521 1836 841 1915 ineocousistere,
865 1840 954 1924 quod
978 1840 1198 1926 fidejussores

51 1947 256 2020 teneantur,
284 1933 442 2019 pupillum
465 1946 575 2000 autem
600 1939 708 2020 ipsum
731 1957 769 2002 re
795 1958 877 2002 vere
905 1961 946 2004 ex
976 1939 1199 2024 promissione

50 2057 302 2124 nunquamne
323 2035 518 2102 naturaliter
539 2039 671 2122 quidem
692 2036 831 2122 obligari
845 2041 883 2117 ⁸).

142 2141 256 2215 Quam
279 2139 321 2202 de
344 2138 566 2222 promissione
587 2138 775 2204 Brinzius
796 2139 973 2220 proposuit
996 2137 1197 2222 opinionem,

53 2257 128 2303 eam
151 2239 366 2324 probandam
389 2260 456 2303 non
482 2259 576 2315 esse,
599 2259 697 2322 quum
722 2260 764 2304 ex
787 2259 828 2304 eo
850 2237 974 2314 elucet,
999 2240 1087 2321 quod
1111 2240 1196 2305 ratio
1313 2303 1321 2314 ,

54 2339 224 2423 ejusmodi
246 2341 456 2424 exceptionis
475 2337 616 2402 inveniri
631 2357 699 2402 non
716 2347 842 2420 potest,
865 2348 931 2402 tum
955 2339 1138 2423 praecipue
1153 2359 1196 2404 ex

53 2438 148 2522 ipsis,
173 2461 263 2528 quae
283 2423 429 2518 obstant,
452 2440 582 2525 legibus
595 2437 710 2502 videre
723 2435 806 2505 licet.
829 2437 899 2502 Etsi
918 2440 1003 2504 enirn
1026 2439 1049 2508 l.
1066 2439 1134 2504 LO
1154 2440 1195 2506 de

56 2538 136 2606 inut.
151 2545 234 2626 stip.
249 2540 295 2624 (8.
307 2539 387 2612 39.)t

222 2641 274 2706 Ex
293 2639 517 2724 stipulatione,
541 2639 573 2702 in
591 2658 656 2724 qna
676 2639 828 2722 impubes
843 2641 916 2704 sinc
932 2650 1041 2702 tutore
1057 2653 1195 2706 auctore

222 2740 445 2828 spopondisti,
465 2759 531 2830 non
554 2759 592 2804 es
611 2739 787 2822 obligatus,

127 2891 157 2966 ²)
181 2893 202 2952 l.
212 2891 274 2952 127.
290 2893 329 2952 tle
346 2892 382 2950 V.
400 2891 438 2950 0.
454 2891 514 2966 (45.
524 2887 572 2964 1.).
588 2889 656 2970 Gaj.
672 2887 721 2950 lli.
738 2887 802 2949 llll.
815 2883 887 2948 tte.
902 2883 940 2946 de
962 2875 1074 2967 recept.
1089 2885 1127 2962 (4.
1141 2886 1190 2964 8.).

55 2977 125 3043 tte.
138 2985 164 3064 d.
177 2984 206 3044 4.
218 2984 257 3046 de
278 2985 380 3044 solun.
393 2983 451 3058 (to.
461 2981 511 3058 3.).
534 3054 538 3062 p

129 3077 157 3154 ³)
178 3075 198 3138 Ι.
207 3095 234 3136 c.
243 3097 273 3158 p.
284 3076 335 3136 ld:
356 3075 427 3148 „Da
442 3074 491 3136 die
504 3074 650 3135 naturalis
670 3073 815 3152 uliligatio
830 3071 914 3132 nicht
929 3073 1034 3132 immet
1050 3069 1110 3130 alle
1124 3069 1192 3132 ihre

54 3163 227 3246 tiberhaupt
249 3168 418 3247 mliglicben
441 3166 629 3244 Wirltungeu
650 3167 717 3237 hat,
741 3166 863 3227 miicbtc
888 3167 935 3225 sie
961 3163 1027 3223 sich
1051 3164 1192 3224 mitunter

54 3252 164 3318 darant
186 3259 396 3320 heschrhnltcn
424 3259 561 3330 litteren,
592 3259 666 3318 dass
698 3259 751 3320 der
777 3259 902 3336 Biirge
921 3253 1034 3324 haitct,
1065 3255 1190 3314 monach

52 3347 117 3408 sich
140 3349 238 3416 leicht¹
254 3351 373 3411 denken
388 3353 494 3420 liesse,
515 3350 590 3411 dass
610 3353 658 3409 cin
672 3349 785 3430 Pupill,
803 3350 857 3410 der
877 3349 973 3409 ohne
989 3347 1111 3424 Biirgen
1133 3366 1190 3406 we·

53 3435 107 3498 der
130 3444 262 3502 civiliter
289 3445 366 3502 noch
397 3442 575 3520 naturaliter
597 3441 707 3510 hustet,
734 3441 943 3518 mit'Btirgcu
967 3458 1024 3498 nur
1050 3440 1190 3498 insoweit

54 3534 231 3594 naturaliter
261 3534 381 3612 cbligirt
407 3534 496 3614 wird',
532 3532 588 3592 als
618 3532 683 3596 (let
712 3529 840 3610 Berge
869 3531 1031 3594 hatter‘.
1058 3529 1189 3608 ceput:

54 3621 180 3688 „Wenn
201 3624 252 3686 die
270 3627 417 3690 naturalis
438 3627 583 3702 obligatio
605 3624 663 3688 des
683 3623 836 3704 Pupilleu,
859 3621 1013 3684 derebus
1034 3621 1189 3688 Vormund

53 3717 115 3778 und
136 3717 428 3794 subsuituugsmsisc
446 3717 617 3799 promittirt,
638 3716 736 3794 eiuzig
756 3715 815 3776 und
833 3715 923 3778 allelu
943 3715 1051 3776 seiuen
1066 3713 1188 3794 Biirgen

52 3807 225 3880 verbindet,
248 3824 348 3888 gagen
372 3809 422 3869 ibn
447 3810 548 3870 selhst
574 3809 649 3868 aher
675 3805 819 3868 hcinerlei
839 3807 960 3869 Rechte
985 3817 1126 3886 erzeugt,
1151 3829 1188 3868 so

52 3893 127 3974 ticgt
147 3899 203 3960 das
223 3899 323 3970 darin,
352 3900 440 3960 dass
463 3901 542 3960 hier
568 3901 629 3961 die
653 3899 842 3961 naturalis
865 3899 1051 3976 obligatio
1073 3899 1187 3960 durch

54 3985 113 4050 die
133 3991 387 4070 Biirg'schalt,
407 3994 511 4064 nicht
531 3994 592 4054 dia
612 3991 849 4072 Biirgscbait-
868 3989 980 4054 durch
1002 3989 1063 4052 die
1083 3997 1189 4052 netu·

54 4081 150 4144 ralis
171 4083 364 4162 obligatio
384 4085 588 4156 bastebt,“
611 4085 779 4164 exquibus
802 4082 903 4142 verbis
922 4090 1060 4161 apparet,
1079 4082 1189 4152 Brin-¹

54 4172 147 4236 tium
166 4176 327 4246 rationem,
342 4195 421 4254 quae
441 4179 570 4237 interest
584 4177 660 4238 inter
673 4175 840 4236 debitorem
857 4174 1053 4255 principalem
1063 4181 1099 4238 et
1117 4177 1187 4238 tide·

50 4261 211 4340 jussorcm,
230 4270 330 4332 miuus
346 4275 429 4332 recte
453 4267 652 4330 intellexisse.
