2864 4976
507 349 754 424 ...51-

59 553 278 639 obligationis
299 553 364 616 vim
387 555 546 636 majorem
568 574 647 619 esse
670 575 737 619 non
761 575 881 638 posse,
915 577 1012 642 quam
1031 560 1197 644 principa·

59 658 115 721 lis.
143 654 269 718 Contra
289 671 311 716 a
336 651 455 716 Paulo
471 655 515 734 ιΙ)
539 654 584 718 ita
607 675 772 738 expresse
796 655 919 720 dictum
942 667 1005 734 est,
1028 661 1196 739 creditori,

60 774 164 840 quem
182 752 312 816 debitor
326 752 568 836 pignoraticius·
584 753 742 820 heredem
764 756 943 820 instituerit
965 767 998 820 et
1020 762 1198 842 rogaverit,

59 867 101 919 ut
121 851 340 917 hereditatem
364 851 450 916 tiliae
473 872 556 916 suae
580 855 742 932 restituat,
767 867 844 940 post
867 855 1108 920 restitutionem
1131 879 1197 921 nora

63 963 195 1017 tantum
227 953 460 1028 retentionem,
492 953 550 1014 sed
577 955 676 1016 etiam
695 956 882 1041 petitionem
904 956 1049 1043 pignoris
1068 959 1199 1022 nomine

62 1061 261 1138 competere,
292 1063 326 1115 et
355 1071 374 1114 a
399 1051 574 1136 Gajowt,
607 1053 734 1116 nullum
754 1055 872 1142 pignus
893 1077 979 1133 esse,
1011 1055 1103 1144 cujus
1122 1077 1199 1142 pett-

61 1153 187 1218 seoutio
206 1159 352 1240 negetur,
376 1161 410 1214 et
426 1172 446 1214 a
464 1151 675 1216 Marciano
687 1155 741 1236 ¹⁶),
760 1174 839 1216 snos
860 1153 1061 1217 conditiones
1079 1153 1200 1221 babere

63 1253 228 1317 actionem
249 1249 529 1337 hypothecariam,
564 1265 599 1316 ut
621 1254 761 1318 dubitari
791 1263 952 1338 nequeat,
982 1255 1060 1336 quin
1083 1275 1127 1318 ex
1147 1259 1198 1340 pi·

65 1374 175 1438 gnere
197 1352 242 1415 ob
257 1350 492 1436 obligationem
517 1353 606 1431 dato,
628 1374 714 1438 quae
737 1353 810 1438 jure
831 1351 917 1416 civili
942 1352 1074 1436 quidem
1098 1355 1198 1440 nulla,
1231 1397 1233 1401 ,

65 1467 179 1519 tamen
202 1453 234 1516 in
249 1452 328 1537 jure
350 1453 495 1536 gentium
517 1465 733 1535 agnoscatur,
751 1472 818 1516 non
830 1451 937 1514 solum
953 1453 1094 1517 retentio
1109 1451 1208 1520 comi

66 1565 161 1640 petat
182 1552 350 1628 creditori,
368 1551 429 1614 sed
451 1551 548 1614 etiam
568 1553 665 1616 actio.

154 1653 293 1726 Quoties
321 1671 402 1714 vero
430 1652 472 1714 de
502 1652 664 1733 ejusmodi
688 1651 830 1716 naturali
851 1651 1056 1736 obligatione
1078 1655 1197 1740 agitur,

68 1759 156 1841 quae
177 1755 253 1837 ipso
269 1751 348 1836 jure
369 1752 499 1836 quidem
517 1751 615 1835 utilis,
639 1753 699 1817 sed
716 1754 759 1816 ob
783 1755 1016 1836 exceptionem
1040 1753 1071 1814 in
1089 1756 1198 1822 odium

69 1855 246 1919 creditoris
258 1852 479 1917 introductam
502 1851 534 1916 in
555 1853 739 1916 naturalem
755 1863 879 1915 mutata
893 1862 956 1927 est,
978 1852 1098 1937 pignus
1110 1853 1201 1921 baud

68 1975 160 2033 raro,
181 1966 216 2018 ut
231 1955 277 2017 ita
295 1953 412 2030 dicam,
434 1953 541 2037 ipsum
565 1950 717 2034 naturale
739 1963 803 2031 est,
826 1953 858 2015 in
881 1953 921 2014 iis
942 1953 1027 2016 enim
1051 1958 1200 2037 casibus,

70 2056 240 2140 inquibus
261 2055 418 2137 exceptio
441 2074 507 2117 non
535 2051 642 2117 solum
669 2053 733 2137 ipsi
756 2053 915 2132 debitori,
943 2053 1006 2116 sed
1033 2055 1135 2118 etiam
1155 2058 1198 2136 ei,

70 2157 125 2242 qui
146 2175 208 2240 per
236 2155 465 2220 accessionem
488 2152 654 2238 obligatus
676 2165 739 2233 est,
761 2153 930 2236 competit,
953 2153 1042 2238 quod
1064 2155 1200 2222 uberius
1290 2139 1292 2144 ⁵

71 2275 244 2340 exponere
266 2253 320 2319 bic
342 2275 407 2319 non
431 2264 483 2319 est
504 2255 600 2332 locus
610 2253 663 2329 ¹⁷).
1010 2271 1012 2276 ’

160 2357 190 2420 4.
210 2355 340 2420 Deinde
362 2353 520 2437 obligatio
536 2353 651 2439 pupilli
674 2364 708 2418 et
728 2355 874 2417 novari
897 2365 1021 2438 potest,
1041 2374 1118 2419 nam
1134 2354 1202 2420 Ul·
1333 2366 1335 2371 ’

71 2457 279 2542 pianusffi)
308 2457 371 2533 ait,
405 2455 484 2519 nihil
504 2455 669 2520 interesse
700 2455 946 2533 innovatione,
977 2454 1085 2538 qualis
1105 2476 1202 2539 prae·

69 2559 168 2623 cedat
189 2555 365 2641 obligatio,
393 2565 505 2618 utrum
533 2555 647 2633 civilis,
668 2577 714 2616 aa
735 2553 910 2638 naturalia,
932 2567 966 2619 et
986 2555 1050 2638 ipsi
1075 2556 1201 2639 pupillo

70 2659 281 2724 novationem
302 2653 419 2721 iacere
441 2657 518 2720 licet
549 2655 759 2740 obligationis
786 2657 953 2737 extranei,
985 2656 1031 2718 ita
1054 2668 1089 2719 ut
1110 2657 1203 2739 prior

72 2759 201 2824 debitor
227 2757 403 2834 liberetur,
433 2759 583 2841 quamvis
614 2754 756 2841 pupillus
780 2765 905 2818 tantum
935 2751 1131 2818 naturaliter
1153 2767 1201 2819 te·

71 2869 197 2924 nestor.
229 2857 302 2921 Hoc
318 2869 351 2920 et
373 2877 395 2922 a
414 2857 577 2942 Gajo¹⁹)
600 2869 633 2920 et
655 2875 674 2918 a
695 2854 992 2938 lastinianum)
1017 2865 1049 2918 et
1071 2855 1114 2918 ab
1135 2854 1202 2919 Ul·
1242 2917 1245 2928 ,

73 2961 247 3044 pionem)
271 2959 390 3022 dictum
415 2970 477 3020 est.
531 2958 599 3020 Sed
623 2953 724 3040 quid?
763 2952 914 3018 Paulus
937 2950 993 3018 lib.
1012 2953 1137 3018 LXXll
1158 2954 1202 3018 ad

74 3061 268 3142 edicturum)
291 3058 377 3122 haec
401 3060 461 3122 aits

236 3157 388 3244 Pupillus
410 3158 482 3221 sine
505 3157 621 3220 tutoris
642 3155 838 3220 auctoritate
858 3177 927 3218 uon
944 3163 1049 3240 potest
1070 3177 1201 3218 novare

150 3449 190 3525 ¹⁴)
209 3446 282 3508 tob.
296 3445 334 3506 ad
355 3446 406 3506 Sc.
419 3443 551 3506 Trebell.
565 3443 690 3520 (36.1).
762 3466 766 3473 ·

149 3541 190 3616 ²⁵)
211 3541 230 3599 l.
242 3538 281 3600 27
308 3537 346 3598 de
360 3537 460 3596 noxal.
474 3538 582 3596 action.
598 3536 638 3610 (9.
651 3536 701 3610 4.).

150 3633 188 3708 ¹⁶)
210 3632 229 3692 Ι.
241 3630 285 3692 13.
299 3631 324 3710 §.
334 3630 361 3688 4.
375 3629 414 3689 de
427 3629 545 3709 pigner.
561 3626 621 3704 (90.
633 3627 682 3704 1.).

149 3725 189 3800 ¹⁷)
209 3724 470 3800 cl.Vangerov‚
484 3720 540 3780 l.c.
553 3719 657 3797 §.364
674 3715 1102 3796 Buechel‚'l.c.p.lfflsqq.
1118 3735 1204 3796 prae·

72 3817 176 3878 sertim
196 3836 226 3896 p.
236 3815 292 3874 nt
303 3831 373 3892 sqq.

147 3909 188 3983 ιεΙ)
207 3907 229 3967 Ι.
243 3905 267 3968 Ι.
281 3906 307 3982 ἕ.
319 3906 332 3966 Ι
348 3906 386 3964 de
400 3909 511 3962 novatt.
526 3903 583 3978 (to.
594 3903 645 3976 2.).

148 4001 188 4074 ¹⁹)
207 3995 438 4061 Commentlll.
456 3993 519 4056 litt.
535 3997 574 4070 (S.
588 3993 615 4054 Ι.
629 3992 749 4068 notan.

146 4093 189 4168 ¹⁰)
210 4089 274 4168 §.a
287 4090 316 4152 J.
328 4090 409 4169 quib.
421 4087 500 4150 ruod.
516 4087 577 4148 toll.
593 4085 652 4146 obl.
672 4084 712 4159 (3.
720 4085 774 4158 9.).
787 4082 827 4163 [b.
838 4083 862 4144 1.
875 4090 937 4142 aot.
950 4080 1003 4161 3.).

146 4184 189 4260 ¹¹)
210 4185 227 4242 l.
240 4183 265 4243 l.
279 4181 306 4260 b.
318 4181 344 4241 l.
358 4181 397 4242 de
410 4185 523 4240 novatt.
535 4178 596 4254 (to.
606 4177 647 4252 Ι.)
662 4175 704 4254 [b.
720 4175 745 4234 Ι.
756 4182 817 4236 aot.
828 4173 884 4253 4.).

146 4275 190 4350 ²⁸)
214 4275 235 4336 Ι.
249 4271 297 4336 20.
313 4273 373 4351 §.L
386 4271 454 4332 eod.

944 4376 992 4438 *l*
