2864 4976
683 359 736 378 ·-
787 317 838 394 32
893 321 957 380 -'

248 520 347 588 tarali
366 517 567 606 miliorum
588 518 794 603 obligatione
818 520 851 586 in
865 521 1030 586 ‚omnibus
1051 520 1188 605 probari
1212 539 1313 605 posse
1330 520 1371 584 vi·

249 621 356 688 detur.
399 617 550 690 Naturali
574 620 706 706 quidem
735 618 939 704 obligatione
970 621 1079 686 teneri
1106 630 1203 703 putat
1228 619 1371 706 pupillos,

248 720 312 786 sed
341 729 450 787 temen
472 720 691 806 gravissimos
712 719 875 786 naturalis
901 719 1113 804 obligationis
1136 719 1295 797 effectos,
1322 742 1370 784 er·

191 850 193 854 ·
251 819 430 904 captiones
455 827 490 886 et
514 821 724 906 retentiones
762 821 953 900 creditoris,
990 821 1104 888 inesse
1133 821 1166 884 in
1193 839 1237 886 ea
1270 831 1371 903 neget.

248 920 401 1006 Namque
430 919 647 996 creditorem,
679 921 767 986 sicut
794 929 904 1004 egere
926 923 1037 1011 possit
1063 924 1096 988 in
1127 919 1288 1006 pupillum
1315 940 1371 984 non

249 1019 314 1088 nisi
345 1019 561 1104 inquantum
592 1019 846 1104 locupletiorem
875 1043 950 1088 eum
977 1021 1115 1100 lecerit,
1148 1021 1194 1086 ita
1222 1020 1320 1088 etium
1345 1020 1370 1084 io

227 1109 404 1204 ‘agentem
433 1139 475 1185 ex
498 1121 632 1202 negotio
655 1119 814 1204 pupillum
829 1134 987 1199 tantum,
1014 1124 1102 1208 quod
1133 1120 1176 1184 ad
1207 1139 1284 1184 euni
1310 1140 1371 1202 per-

249 1218 389 1301 venerit,
410 1238 633 1302 compensare
656 1241 759 1302 posse
787 1222 986 1306 omniaque,
1021 1243 1107 1308 quoe
1134 1240 1241 1304 supra
1262 1209 1371 1287 itide-

250 1321 329 1392 beat
356 1317 520 1404 pupillus,
546 1318 637 1384 uallo
664 1320 761 1386 modo
794 1339 869 1390 euru
896 1323 1071 1410 consequi.
1122 1321 1250 1387 Verum
1284 1321 1371 1386 etiem

251 1421 340 1506 quod
369 1419 518 1504 pupillus
545 1420 687 1504 solverit
719 1439 760 1485 ex
790 1422 954 1508 ejusmodi
976 1421 1195 1506 obligatione,
1221 1425 1318 1508 Juste
1336 1421 1371 1484 ab

251 1543 292 1592 eo
324 1521 456 1589 condici
489 1539 554 1584 nec
584 1533 778 1604 competere
815 1523 975 1592 creditori
1007 1523 1107 1588 soluti
1146 1523 1371 1612 retentionem

250 1620 496 1704 inaspectos,
518 1621 548 1680 si
571 1620 769 1686 Neratius
791 1622 1034 1688 ctLioinius
1056 1621 1372 1688 Rufinusnecna·

250 1731 325 1804 tora
353 1717 477 1786 debere
502 1717 659 1803 pupillum
686 1719 808 1785 dicant.
859 1721 1128 1792 Ceterum-idem
1156 1720 1297 1788 efficere
1323 1741 1370 1804 pu·

251 1817 530 1907 pillinaturalem
558 1817 809 1903 obligationem,
831 1821 919 1906 quod
948 1823 1125 1908 mojorem,
1154 1823 1200 1886 ito
1226 1834 1264 1886 ut
1285 1823 1371 1885 inter·

252 1922 327 1988 cedi
350 1919 458 2003 possit
480 1940 541 2002 pro
563 1938 615 1996 en,
637 1929 673 1987 ut
695 1939 822 1986 novare
844 1941 917 1986 eam
939 1919 1051 2000 liceat,
1071 1934 1106 1986 ut
1127 1923 1216 2006 quod
1240 1920 1370 1996 solutum

251 2021 295 2088 sit
315 2019 492 2086 creditoris
515 2017 708 2100 heredibus,
730 2019 760 2086 in
783 2033 934 2104 quartam
954 2022 1133 2089 Falcidiam
1156 2023 1371 2106 imputandum

251 2125 294 2192 sit
302 2147 313 2200 ;
340 2123 422 2208 quin
445 2120 542 2188 etiam
564 2119 606 2194 ob
629 2120 847 2184 interventum
871 2141 1032 2188 nouarum
1061 2143 1283 2212 personarum
1311 2142 1371 2188 crc-

251 2227 391 2290 ditorem
414 2220 558 2286 solutum
581 2221 725 2284 retinere
748 2241 869 2304 posse,
893 2221 938 2289 ita
967 2235 1003 2286 ut
1025 2235 1059 2288 et
1081 2224 1156 2307 ipse
1185 2235 1370 2310 repetentes

252 2323 367 2411 pupilli
388 2322 534 2388 heredes
557 2323 743 2387 retentione
766 2344 974 2389 summovere
997 2317 1122 2407 possit,
1144 2323 1371 2390 etheredibus

251 2427 323 2494 suis
345 2422 486 2488 retentio
510 2433 679 2502 competat
700 2423 734 2488 in
755 2425 985 2488 condicentem
1006 2423 1176 2508 pupillum.

297 2595 299 2600 ¹
336 2525 544 2604 Quemquam
561 2520 738 2604 permultis
765 2521 1034 2608 legibusallatis
1063 2535 1098 2587 et
1125 2527 1256 2590 erudita
1281 2544 1372 2606 saga·

251 2632 354 2698 citele
378 2624 523 2712 probare
542 2622 668 2686 studuit
692 2623 885 2708 Brendis,
916 2645 995 2688 sese
1025 2625 1132 2708 ipsum
1161 2638 1255 2691 recte
1282 2630 1373 2690 inter·

251 2741 416 2817 pretotum
443 2746 522 2792 esse
546 2724 633 2786 dicta
653 2722 796 2788 lotorum
813 2723 1054 2803 Romanorum,
1077 2739 1186 2800 temen
1210 2725 1374 2810 complura

251 2840 344 2904 sunt,
372 2845 458 2911 queo
484 2825 561 2890 mihi
591 2845 656 2890 non
687 2824 889 2907 probentur,
923 2845 996 2888 eam
1016 2838 1143 2890 'secuto
1173 2827 1373 2900 seutentiam,

252 2952 351 3018 quam
376 2927 587 2992 Duerenus
613 2924 683 3010 jem
713 2934 746 2986 et
773 2923 1020 2989 Bacbovius
1048 2935 1082 2988 et
1109 2924 1246 2990 Huber
1274 2927 1374 2990 obiter

251 3032 447 3114 tetigerunt,
483 3043 581 3108 quam
612 3021 866 3094 buechelius
900 3035 934 3089 et
967 3037 1170 3110 praeceptor
1197 3025 1376 3092 illustrissi-

147 3201 152 3213 Χ
252 3155 327 3200 mus
375 3124 652 3209 Vangerovius
696 3123 832 3190 uberius
879 3137 1120 3209 exposuerunt.
1186 3124 1375 3211 Priusquam

251 3245 362 3298 eutem
394 3229 471 3314 quid
513 3225 663 3310 equidem
703 3223 744 3287 de
780 3223 977 3308 pupillorum
1011 3225 1152 3290 naturali
1179 3224 1375 3311 obligatione

251 3356 295 3402 ac
330 3334 372 3398 de
407 3327 558 3394 Licinii
595 3323 732 3390 Rufini
767 3335 807 3399 et,
829 3325 996 3392 Neratii
1030 3329 1143 3392 verbis
1172 3327 1376 3402 seutentiam,

251 3435 421 3516 tractabo,
451 3451 538 3514 opus
567 3439 631 3506 est,
661 3436 713 3505 ut,
745 3425 824 3510 quid
851 3425 1008 3492 Puchte
1040 3426 1105 3491 hec
1135 3429 1178 3491 (le
1210 3449 1248 3492 re
1269 3438 1375 3512 protu-

250 3537 326 3602 lerit
363 3547 463 3617 atque
497 3527 663 3616 quomodo
699 3525 888 3592 Brinzius
922 3528 1173 3594 consentientes
1207 3549 1267 3594 eas
1298 3529 1375 3592 inter
1409 3555 1412 3562 ⁴

251 3655 291 3701 se
312 3631 429 3697 facere
452 3631 624 3710 studuerit,
648 3625 803 3692 referam.

532 3915 535 3923 -
611 3919 652 3941 -.
739 3877 872 3982 §.ro

268 4085 271 4092 ·
314 4005 511 4134 'rochem
528 4005 882 4140 quemCujacium:
899 4063 1051 4116 secutum
1071 4070 1162 4116 *esse
1186 4051 1258 4138 jam
1278 4061 1377 4134 supro

252 4155 335 4234 dixi,
363 4151 563 4240 pupillorum
584 4151 768 4218 uatiuelem
795 4149 1029 4234 obligationem
1053 4152 1167 4236 utique
1188 4161 1310 4234 negeg·
1327 4165 1378 4215 ex·

251 4264 353 4342 cepto
373 4273 414 4321 eo
436 4272 531 4336 caso,
550 4253 583 4318 io
605 4274 670 4340 qno
692 4249 930 4336 locupletiores
953 4250 1157 4316 luctisono·
1187 4252 1286 4324 Quae
1307 4269 1377 4317 sen·
