2864 4976
653 405 695 418 ...
752 321 901 434 54*-

211 576 352 642 actloois
379 573 502 640 nulline
527 575 684 642 metuenti
712 595 791 640 esse
816 574 916 638 debiti
941 571 1102 638 samuelis
1127 573 1272 658 legatum
1297 573 1349 636 di-

211 677 314 742 exies.
358 674 454 742 Sicut
481 676 568 742 enim
595 696 694 759 quum
721 665 819 740 ciuile
845 694 967 740 nomen
988 672 1134 760 legatum
1161 685 1225 753 est,
1247 673 1351 760 lega·

210 778 297 844 tario
330 776 419 842 utilis
452 779 541 842 actio
576 779 608 840 in
644 775 794 840 defuncti
821 776 1005 840 debitorem
1030 776 1189 860 competit
1213 769 1273 840 aut'
1299 776 1334 839 di

211 889 306 946 reon
333 880 421 944 actio
448 867 680 958 mandatam),
715 879 763 942 ite
795 879 825 942 si
860 876 1015 942 naturale
1049 897 1171 941 nomen
1196 876 1351 961 legatum

213 991 278 1059 est,
300 979 519 1062 exceptiones
542 977 724 1062 ceteraque
743 980 835 1064 jure,
858 999 946 1062 quae
970 987 1115 1043 testator
1136 999 1179 1041 ex
1199 977 1351 1046 naturali

213 1080 415 1164 obligatione
433 1079 560 1157 hahuit,
584 1078 852 1164 utilialegatario
877 1090 1071 1163 competere
1090 1079 1263 1144 dicendum
1281 1091 1351 1160 est,

213 1201 279 1265 qno
295 1179 343 1259 fit,
363 1189 400 1244 ut
420 1179 604 1265 legatarius
620 1181 651 1245 in
671 1181 832 1266 ejusmodi
850 1180 933 1245 casu
956 1182 1232 1264 compensatione
1249 1182 1352 1268 juste

212 1291 323 1348 utatur
348 1282 535 1364 eodemque
558 1282 671 1358 modo,
698 1283 727 1346 si
748 1281 1026 1366 hypothecariam
1054 1281 1097 1344 sit
1112 1281 1257 1346 debitum
1283 1303 1352 1366 pu-

214 1382 296 1470 pilli,
325 1380 521 1448 Servianam
546 1383 710 1446 actionem
738 1381 793 1448 vel
819 1383 915 1464 quasi
937 1382 970 1444 in
999 1401 1073 1446 eum
1101 1382 1262 1448 instituat.

300 1482 400 1548 Aliud
429 1505 513 1549 vcro
539 1483 624 1571 juris
648 1482 757 1563 valet,
788 1503 886 1565 quum
909 1483 954 1546 ita
978 1479 1127 1566 legatum
1152 1494 1222 1560 est,
1252 1493 1289 1546 ut
1313 1484 1352 1546 in

214 1585 367 1651 secunda
381 1586 499 1668 speeie
515 1587 700 1669 posuimus.
741 1585 826 1648 Nam
852 1595 944 1662 tuno,
966 1585 1229 1668 Papinianus
1257 1584 1352 1664 dicit,

213 1686 316 1752 tacite
338 1685 560 1750 conditionem
581 1687 740 1750 insertam
766 1706 847 1750 esse
875 1685 1000 1764 videri,
1028 1687 1057 1750 si
1084 1687 1214 1769 quidem
1237 1686 1354 1770 pnpil-

214 1785 268 1852 lns
294 1784 443 1850 solverit.
497 1786 600 1850 Putes
621 1782 771 1850 fortasse
796 1786 1023 1850 conditionale
1049 1785 1116 1852 hac
1141 1785 1355 1870 relegatum

215 1887 299 1966 lieri,
323 1887 369 1952 ita
395 1897 431 1950 ut
457 1887 529 1952 dies
551 1886 654 1972 legati
675 1907 745 1952 non
773 1897 879 1952 morte
903 1888 1096 1966 testatoriS,
1129 1888 1190 1952 sed
1215 1889 1355 1952 demum

147 2061 152 2074 ἱ
217 2009 316 2073 quum
337 1985 484 2071 pupillus
503 1987 654 2067 solverit,
679 1989 790 2065 cedat,
813 1990 876 2052 sed
897 1989 944 2052 ita
965 2010 1022 2054 res
1045 2009 1125 2052 sese
1148 1987 1356 2068 nonhabet,

215 2107 373 2172 namque,
402 2099 438 2152 ut
459 2089 502 2152 ait
521 2079 862 2174 Papinianusffl),
890 2091 1094 2154 conditiones
1119 2087 1355 2168 extrinsecae,

216 2211 286 2256 non
311 2210 354 2252 ex
378 2200 578 2254 testamento
605 2190 792 2269 venienteS,
825 2191 846 2254 i.
864 2211 894 2254 e.
920 2209 1005 2274 qnae
1032 2189 1131 2254 tacite
1156 2189 1272 2254 inesse
1300 2192 1357 2256 vi-

218 2292 371 2369 deantur,
395 2311 464 2356 non
477 2289 605 2356 faciunt
626 2291 739 2376 legata
755 2291 1001 2371 conditionalia,
1024 2302 1058 2355 et
1077 2291 1111 2354 in
1133 2301 1249 2356 nostra
1270 2289 1356 2376 lege

218 2391 517 2475 expressim-haec
536 2393 627 2457 addit
649 2393 734 2456 idem
760 2394 868 2456 lctus:
900 2381 902 2384 ⁵

389 2491 600 2558 Contrarium
620 2513 689 2556 non
712 2503 782 2573 est,
812 2493 920 2577 quod,
942 2493 971 2558 si
997 2493 1106 2556 medio
1128 2497 1283 2577 tempore
1301 2493 1354 2559 le-

388 2593 535 2678 gatarius
554 2595 723 2672 morietur,
746 2605 779 2658 et
800 2605 982 2678 postea-
1005 2595 1183 2678 pecuniam
1201 2594 1355 2679 pupillos

390 2693 556 2780 exsolvat,
577 2695 680 2760 heres
705 2695 858 2779 legatarii
886 2694 1079 2779 petitionem
1104 2693 1225 2772 hahet;
1258 2717 1355 2761 nam-

388 2817 454 2881 que
477 2797 550 2860 dies
569 2797 683 2883 legati,
698 2797 751 2860 cui
765 2797 913 2860 conditio
928 2817 996 2860 non
1012 2797 1223 2877 adscribitur,
1236 2783 1355 2881 quarn-

388 2899 440 2962 vis
462 2899 673 2963 extrinsecus
701 2899 934 2982 exspectanda
960 2898 1016 2976 sit,
1040 2897 1139 2962 cedit.
1238 2903 1247 2912 “

306 2993 407 3060 Aliud
433 2999 532 3082 igitur
554 3020 701 3064 necesse
729 3009 782 3064 est
807 2999 938 3064 intersit
963 2999 1049 3062 inter
1070 2997 1217 3084 legatum
1241 2999 1353 3082 ipsius

220 3094 362 3160 nominis
389 3109 423 3162 et
446 3097 592 3182 legatum
614 3099 714 3165 soluti
739 3111 772 3164 et
798 3099 919 3164 hocin
946 3119 988 3162 eo
1015 3100 1130 3164 inesse
1155 3098 1229 3162 mihi
1256 3101 1354 3164 vide-

220 3207 290 3274 tur,
318 3201 408 3280 quod
429 3198 594 3283 legatario
622 3221 688 3265 non
717 3210 912 3285 competunt
938 3201 1047 3264 omnia
1074 3221 1116 3264 ea
1134 3202 1226 3286 jura,
1261 3222 1354 3285 quae

220 3299 367 3364 habehat
394 3310 537 3364 testator
558 3321 600 3364 ex
623 3303 733 3366 debito
759 3301 888 3386 pupilli,
914 3303 976 3367 sed
1001 3303 1089 3386 quod
1106 3300 1193 3366 haec
1213 3301 1354 3372 heredis

220 3399 305 3468 finnt
335 3411 368 3466 et
400 3401 585 3488 legatarius
619 3401 697 3466 nihil
728 3403 818 3468 aliud
849 3406 891 3468 ab
926 3403 1053 3466 herede
1081 3415 1199 3487 petere
1223 3415 1354 3487 potest,

174 3509 175 3512 ’
222 3523 321 3586 quarn
341 3513 389 3583 ut,
416 3505 506 3588 quod
531 3504 617 3568 l'orte
642 3503 789 3588 pupillus
812 3505 954 3571 solverit
973 3503 1029 3570 vel
1046 3503 1112 3568 alio
1129 3504 1228 3570 modo
1248 3504 1356 3572 heres

222 3604 264 3667 ab
291 3623 333 3667 eo
361 3617 567 3670 consecutus
592 3607 646 3685 sit,
670 3606 733 3690 ipsi
760 3607 965 3669 restituatur.

308 3703 340 3767 9.
368 3705 521 3790 Denique
550 3729 592 3770 ex
620 3705 762 3772 naturali
788 3705 990 3791 pupillorum
1012 3705 1216 3796 obligatione
1240 3707 1355 3790 sequi-

222 3815 289 3886 tur,
310 3817 358 3888 ut,
380 3807 408 3870 si
432 3808 505 3892 quis
527 3828 597 3874 rom
623 3807 810 3874 vendiderit
832 3807 978 3874 adhibita
999 3807 1032 3874 in
1056 3809 1141 3874 diem
1163 3807 1355 3873 addictione

223 3915 257 3972 et
290 3908 436 3994 pupillus
467 3910 554 3976 intra
588 3919 720 3996 tempus
758 3910 830 3976 sine
863 3911 980 3980 tutoris
1015 3907 1213 3974 auctoritate
1247 3909 1355 3995 pluris

224 4084 427 4102 Μ

237 4217 240 4224 -
299 4185 343 4260 ⁸¹)
360 4187 400 4244 cl.
413 4189 431 4248 Ι.
443 4187 488 4250 18.
501 4187 535 4254 G.
546 4131 589 4248 ¹de
602 4186 691 4266 legal.
705 4186 747 4263 (6.
759 4186 830 4264 37.).

299 4276 340 4348 ¹²)
363 4275 380 4336 l.
394 4275 440 4337 99.
455 4277 493 4335 de
507 4279 594 4338 cond.
607 4285 641 4340 ct
652 4279 805 4342 demonst.
817 4277 875 4354 (35.
892 4277 942 4352 1.).
