2864 4976
680 298 934 374 ...12-

251 501 347 575 Quae
369 503 494 586 injure
514 499 600 566 civili
622 500 782 571 laudatae
804 517 881 569 suut
902 499 1143 584 obligationes,
1175 523 1298 568 ornnes
1322 524 1373 584 pa-

249 604 337 668 riunt
358 603 527 679 actiones,
563 614 598 666 et
618 602 803 686 permultae
829 624 961 689 quoque
989 621 1121 684 aarum,
1149 623 1236 686 quae
1256 602 1374 668 sunda·

249 715 392 770 mentum
414 713 575 786 ceperunt
598 725 640 768 ex
657 704 735 788 jura
757 705 921 789 gentium,
946 704 1145 768 honorarius
1167 705 1261 780 dico,
1293 725 1374 789 quas

250 816 387 890 praetor
411 805 543 868 actione
576 805 719 884 munivit.
769 804 913 870 Ceterae
940 825 1021 868 varo
1051 803 1222 869 naturales
1247 805 1374 892 obliga·

247 909 357 973 tiones
379 907 510 970 actione
532 903 662 987 quidem
683 916 792 989 egent,
815 925 881 969 nec
901 917 1012 968 tamen
1034 905 1122 970 omni
1132 905 1221 988 juris
1240 907 1374 970 auxilio.

248 1009 401 1093 Namque
419 1005 449 1070 si
472 1003 546 1088 quis
569 1003 722 1068 naturale
744 1005 890 1070 debitum
912 1004 1051 1070 solverit
1071 1005 1143 1068 sive
1165 1026 1230 1070 sua
1240 1018 1372 1089 sponte,

248 1111 320 1175 sivc
342 1129 405 1193 par
426 1125 574 1170 errorem
597 1117 753 1187 repetere
776 1111 909 1191 nequit,
942 1106 1005 1170 sed
1027 1107 1186 1188 competit
1213 1107 1372 1172 creditori

248 1210 347 1276 soluti
369 1209 572 1289 retentiou),
596 1207 715 1270 deinde
737 1208 1044 1290 compensationem
1066 1207 1188 1290 patitur
1208 1208 1372 1273 naturalis

247 1312 446 1391 debiturn),
468 1319 501 1372 et
521 1309 738 1372 necessariae
761 1307 993 1392 obligationes,
1019 1307 1191 1393 fidejussio
1200 1310 1265 1390 11),
1290 1329 1372 1372 cou-

245 1409 461 1488 ruiturarum),
491 1409 702 1492 novariae),
734 1411 922 1496 pignus¹⁶),
957 1410 1126 1474 accedere
1156 1421 1305 1492 possunt
1331 1411 1371 1474 ad

246 1517 389 1580 debitum
417 1509 569 1578 naturale
604 1521 637 1576 et
667 1513 711 1575 ite
743 1513 891 1596 quidem,
928 1523 964 1575 ut
999 1511 1150 1596 quamvis
1184 1511 1372 1575 debitorem

244 1609 460 1698 principalem
483 1611 663 1674 convenire
687 1613 834 1676 creditor
855 1633 921 1676 uon
941 1607 1066 1695 possit,
1093 1612 1257 1676 tamenin
1282 1612 1370 1677 debi-

244 1726 351 1778 torem
374 1711 602 1776 accessorium
627 1710 792 1774 actionem
813 1711 999 1795 babeat17).

327 1813 406 1878 inde
435 1813 608 1878 descendit
632 1810 737 1876 altera
759 1812 816 1877 illa
835 1813 1069 1898 obligationum
1092 1813 1212 1879 divisio
1226 1814 1269 1878 'in
1293 1815 1370 1879 obli·

241 1915 395 1999 gationes
415 1913 531 1976 civiles
554 1923 588 1976 at
607 1911 786 1980 natutales.
832 1913 954 1979 (liviles
978 1925 1066 1992 sunt,
1090 1933 1176 1998 quae
1197 1913 1367 1980 actionem

241 2016 375 2100 pariunt
401 2013 482 2097 (boc
504 2014 603 2096 igitur
626 2033 729 2077 sensu
754 2015 942 2095 praetoriae
973 2014 1193 2100 obligationes
1222 2016 1367 2082 civilium

241 2127 318 2183 sunt
343 2117 506 2200 species),
541 2111 728 2194 naturales,
759 2133 845 2200 quae
867 2118 998 2180 actione
1019 2137 1086 2181 non
1109 2130 1186 2180 sunt
1210 2119 1368 2194 munitae,

240 2219 301 2282 sed
333 2228 466 2281 ceteros
495 2215 707 2300 obligationis
734 2213 874 2280 effectus
904 2217 992 2300 (sive
1013 2237 1148 2296 omnes,
1186 2217 1260 2282 sive
1286 2241 1367 2283 non·

241 2317 349 2384 nullos
371 2329 495 2382 tantum
522 2323 650 2398 eorum)
670 2317 924 2400 amplectuntur,
947 2331 1004 2384 aut
1025 2329 1060 2383 ut
1076 2331 1192 2384 nostro
1207 2341 1367 2387 sermone

239 2468 448 2482 m

280 2575 283 2584 ⁴
316 2571 355 2644 11)
376 2569 395 2630 l.
405 2566 450 2627 lt.
459 2587 503 2648 pr.
519 2567 558 2629 de
572 2566 659 2628 cond.
674 2568 778 2628 indeb.
796 2568 908 2645 (lb.b):
928 2569 1072 2631 naturalis
1093 2573 1233 2650 obligatio
1245 2582 1364 2646 manet,

239 2671 272 2726 et
301 2663 380 2725 ideo*
409 2662 541 2724 aoluban
572 2663 675 2740 repeti
704 2681 768 2722 nort
795 2667 910 2742 pareat.
947 2662 1002 2722 ts.
1019 2663 1081 2742 §.Z
1115 2666 1198 2742 quod
1229 2668 1367 2746 quisque

234 2757 313 2836 juris
325 2755 428 2829 (2.2.):
458 2773 627 2835 superesse
649 2754 729 2815 enim
760 2755 926 2816 naturalem
953 2773 1097 2826 causam,
1133 2779 1216 2838 quoe
1245 2761 1368 2822 inbibat

235 2848 458 2926 repetitionem.

314 2941 353 3016 11)
374 2938 429 2998 td.
448 2937 488 2997 de
507 2957 664 3018 compens.
686 2939 806 3016 (16.2.)
847 2939 944 3002 Etiam
975 2939 1057 3020 quod
1083 2947 1190 3002 natura
1222 2944 1366 3018 debetur,
1410 2975 1411 2984 ¹

235 3034 319 3094 canit
342 3033 375 3091 iu
402 3032 691 3108 compensationem.
1120 3051 1123 3058 ’

312 3123 352 3198 11)
375 3121 428 3182 lb.
441 3121 500 3199 §.2
513 3117 569 3180 tt.
594 3121 633 3181 de
652 3121 823 3200 fidejussor.
838 3121 962 3198 (t6.t.):
1002 3123 1147 3186 Adhiberi
1166 3133 1268 3188 autem
1290 3131 1365 3190 fide

233 3218 338 3298 jussor
355 3243 394 3261 ·-
412 3219 525 3294 potest,
546 3213 714 3275 dummodo
734 3217 775 3276 rit
793 3217 899 3297 alibuta
920 3218 972 3278 cal
986 3219 1140 3281 naturalis
1157 3221 1270 3296 sutura
1286 3223 1366 3286 obli·

232 3311 338 3388 parim
372 3305 451 3384 quod
481 3307 559 3364 enirn
584 3306 716 3366 solutum
743 3309 842 3388 repeti
870 3329 928 3370 non
954 3317 1068 3390 potest,
1089 3315 1278 3375 conveniens
1298 3323 1366 3387 est,

209 3403 326 3484 ¹bujus
363 3399 506 3461 naturalis
538 3398 729 3478 obligationis
767 3402 985 3486 fidejussorem
1019 3391 1131 3487 accipi
1150 3427 1253 3488 porse.
1283 3410 1301 3470 Ι.
1316 3410 1364 3471 13.

231 3517 276 3576 pr.
288 3495 327 3554 dc
339 3495 424 3554 cond.
437 3492 538 3552 indeb.
1293 3547 1297 3551 .

308 3587 347 3662 ¹⁴)
368 3585 425 3645 tl.
439 3584 498 3662 §.Z
520 3585 559 3644 da
578 3587 705 3666 pecunia
725 3588 844 3648 constit.
866 3587 924 3661 (13.
934 3590 981 3663 5):
1023 3589 1165 3652 Debitum
1186 3597 1290 3654 autam
1311 3597 1365 3656 vel

231 3686 345 3742 nutura
363 3676 481 3738 sufficit.
502 3677 572 3737 tlt.
587 3679 612 3756 b
622 3678 651 3737 4.
668 3679 707 3738 de
727 3679 842 3739 donatt.
861 3678 917 3752 (39.
926 3679 978 3752 5.).

307 3771 346 3848 11)
368 3771 387 3830 Ι.
398 3769 423 3829 l.
438 3771 499 3848 §.L
516 3770 554 3831 de
567 3775 676 3831 novati.
694 3772 811 3848 (46.2.)

307 3867 346 3942 11)
366 3863 421 3924 ta.
431 3881 475 3943 pr.
490 3861 528 3921 de
540 3862 655 3942 pigner.
671 3861 779 3938 (90.1.)
795 3863 931 3945 [not.9.].
950 3865 968 3926 Ι.
978 3865 1023 3926 13.
1031 3887 1074 3947 pr.
1093 3867 1132 3929 de
1151 3869 1237 3929 cond.
1249 3870 1364 3934 indeb.

230 3959 290 4034 (1‘2.
300 3957 350 4032 6.).
364 3957 384 4017 Ι.
396 3952 439 4015 14.
454 3955 478 4034 §.
488 3953 513 4015 l.
528 3954 566 4014 de
579 3955 695 4035 pigrior.
711 3955 827 4033 (20.1.)

308 4049 347 4122 17)
368 4048 483 4120 Quoad
496 4049 724 4131 fidejussionem
744 4057 775 4111 et
795 4051 990 4112 constitutum
1004 4052 1062 4114 boc
1074 4073 1135 4114 non
1152 4053 1364 4137 disceptatur,

227 4141 455 4225 pignoraticium
485 4161 558 4202 vcro
587 4144 753 4206 debitorem
788 4143 872 4204 multi
904 4147 1079 4208 naturaliter
1108 4153 1224 4210 tanturn
1253 4155 1363 4216 teneri

227 4238 364 4304 censent,
385 4229 444 4294 sed
463 4233 561 4294 minus
580 4239 671 4298 recte.
691 4237 733 4297 cl.
748 4236 786 4300 de
808 4236 864 4298 bac
884 4240 1065 4315 quaestione
1087 4239 1161 4302 inire
1183 4241 1260 4318 §.lb
1271 4263 1321 4306 nr.
1331 4249 1362 4309 3.
