2864 4976
434 356 758 432 ·--37-Β

45 560 174 643 faetus,
199 559 281 623 fieri
303 579 421 644 posse,
443 573 479 622 ut
499 560 622 644 duplici
646 561 745 624 niodo
771 565 913 627 testator
935 565 978 627 da
1000 563 1066 628 hoo
1085 562 1199 648 legato

47 661 270 742 eom'wverit.
311 660 381 724 Aut
399 661 484 724 enim
506 661 614 744 ipsum
636 661 797 745 debitum,
828 664 935 746 ipsam
958 684 1079 730 nomen
1102 677 1198 730 uatu-

47 760 117 824 rale
139 759 301 843 legatum
330 781 409 826 esse
432 762 449 848 (
448 763 567 846 petitor
596 761 641 824 ud
665 783 823 847 praesens
847 762 991 826 debitum
1015 763 1113 826 uerba
1144 785 1198 828 aa·

47 860 157 943 tulit),
189 862 245 924 ita
272 875 308 925 ut
333 861 513 946 legatarius
541 863 697 952 oreditor-
712 862 770 926 liat
792 886 853 947 pro
872 875 1050 946 testatore,
1071 865 1110 929 *in
1133 864 1198 928 hoo

48 981 130 1025 oasu
158 961 290 1026 nullius
314 964 469 1028 momenti
491 949 648 1048 legatum
667 983 756 1047 esse,
779 966 856 1049 quia
884 963 962 1028 nihil
986 962 1130 1048 pupillus
1152 965 1199 1028 ita

48 1062 207 1126 debuerit
234 1065 404 1140 testatori,
429 1075 463 1128 ot
485 1064 656 1128 conveniri
679 1066 785 1146 possit
808 1085 826 1126 a
851 1063 1029 1147 legatari03
1051 1078 1196 1129 autnon

50 1175 113 1224 tam
135 1185 268 1228 nomen
295 1165 468 1240 naturale„
489 1185 585 1250 quam
614 1165 663 1237 id,
690 1165 778 1248 quod
801 1163 945 1246 pupillus
973 1187 1015 1230 ex
1041 1187 1084 1230 eo
1106 1165 1194 1232 sorte

49 1260 202 1342 solverit,
227 1265 379 1350 legatum
402 1285 481 1332 esse
508 1264 713 1352 (naturalem
736 1263 959 1352 olrlipationem
987 1275 1019 1328 et
1045 1264 1195 1352 [uturum

50 1362 248 1428 solutionem
275 1363 461 1452 cogitauit),
493 1367 540 1428 ita
565 1377 600 1428 ut
632 1387 696 1457 nou
729 1364 911 1448 legatarius
933 1365 1049 1450 pupilli
1085 1369 1194 1430 oredi-

49 1473 99 1526 tor·
120 1464 194 1542 fiat,
222 1466 284 1529 sed
307 1464 420 1548 heres,
441 1477 519 1529 tune
534 1465 757 1532 conditionale
773 1465 917 1548 legatum
940 1468 1044 1530 videri
1066 1465 1192 1532 sactum

51 1583 142 1643 esse,
174 1586 258 1628 nam
282 1587 347 1630 non
371 1588 471 1632 seous
494 1587 582 1642 asse,
605 1587 645 1628 ao
668 1569 696 1631 si
719 1567 764 1630 ita
786 1578 927 1630 testator
941 1567 1079 1646 dixerit,
1106 1566 1191 1632 Titio

27 1665 138 1758 dato,
164 1668 260 1751 quod
282 1665 426 1750 pupillus
452 1666 602 1744 solverit,
626 1668 754 1732 scilieet
777 1669 805 1732 si
829 1669 960 1752 quidem
984 1667 1122 1733 solverit
1138 1671 1191 1754 ¹²).

133 1767 343 1832 Acuuratins
372 1780 471 1851 atque
498 1767 628 1851 planius
659 1791 724 1834 non
754 1770 885 1835 videtur
915 1772 1055 1855 agnosci
1086 1793 1191 1854 posse

51 1868 218 1934 naturalis
246 1868 358 1952 pupilli
386 1869 563 1952 obligatio,
587 1883 749 1934 ettamen
776 1871 884 1934 Pnolr
894 1882 933 1934 ta
955 1893 1020 1936 non
1044 1875 1090 1935 ita
1112 1894 1191 1943 esse

53 1979 153 2046 putat.
202 1969 443 2034 Primamenim
470 1970 555 2052 legis
581 1983 709 2052 partem
733 1973 854 2052 (verba
884 1973 984 2036 haee·
1018 1981 1049 2034 et
1073 1972 1193 2059 petitor

53 2065 94 2128 ud
118 2091 282 2152 praesens
309 2069 453 2132 debitum
487 2069 585 2134 uerte
614 2071 739 2149 retulit,
773 2073 852 2166 qaia
881 2070 965 2134 nitu
989 2075 1059 2160 ejus
1084 2071 1190 2150 delet,

58 2238 257 2254 ξή-

81 2423 82 2426 ,
135 2357 174 2432 ¹²)
194 2357 261 2418 Hoc
282 2354 709 2436 modolPapinianiuerba
729 2357 759 2416 in
780 2356 850 2434 lege
871 2361 976 2416 nostra
995 2357 1191 2436 intelligenda

59 2461 131 2507 esse
156 2457 237 2530 putu.
278 2449 387 2526 Agitur
413 2449 491 2508 enim
513 2447 551 2508 de
573 2447 807 2528 interpretandis
834 2451 1008 2509 testamenti
1030 2451 1188 2532 cujusdem

60 2535 173 2615 tegibus
196 2549 226 2604 et
247 2540 324 2600 hanc
345 2541 383 2600 ob
411 2561 532 2600 oausam
557 2543 741 2620 petitorem,
769 2561 856 2617 quem
885 2540 1116 2622 Papinianus
1137 2565 1187 2605 no·

57 2619 160 2702 miuat,
189 2641 368 2695 testatorem
394 2622 467 2692 esse
493 2639 614 2714 oportet
639 2639 669 2692 et
697 2635 742 2693 sie
769 2635 867 2694 dictus
891 2635 1009 2693 videtur
1028 2655 1117 2703 esse,
1136 2643 1189 2696 aut

59 2723 123 2798 quia
143 2727 275 2785 ereditur
293 2725 347 2784 fuit
368 2726 482 2806 pupilli,
504 2747 575 2803 ergo
597 2733 702 2804 petere
723 2727 760 2786 ab
785 2747 821 2786 eo
843 2727 940 2804 putuit
957 2725 1107 2800 (quamvis
1127 2727 1187 2784 inu·

57 2813 176 2893 tiliter)‚
199 2823 260 2886 aut,
280 2815 358 2896 quod
379 2819 476 2894 magis
499 2817 615 2875 videtur
637 2839 725 2887 esse,
747 2819 816 2894 qnia
837 2819 874 2876 ab
895 2815 1010 2874 herede
1031 2817 1133 2894 petiit,
1155 2825 1188 2878 ut

57 2904 186 2984 legatum
202 2909 284 2970 Titio
307 2909 415 2970 solvat.
456 2911 671 2968 Accursius
688 2911 752 2986 jam
774 2909 801 2966 in
823 2907 928 2986 glossa
948 2907 985 2968 ad
1007 2907 1035 2967 h.
1049 2909 1066 2969 l.
1078 2915 1108 2968 et
1118 2929 1185 2970 cum

57 3003 154 3064 multis
166 3004 237 3065 aliis
261 3001 407 3064 Puclrta
430 3018 551 3078 quoque
572 3000 679 3060 eodem
703 3000 791 3060 modo
812 3002 972 3082 petitorem
994 3009 1188 3080 acceperunt,

57 3094 109 3153 sed
139 3102 213 3157 sunt
246 3097 350 3164 etiam,
388 3095 438 3171 qui
466 3093 654 3174 leputurium
680 3096 839 3172 petitorem
867 3113 941 3154 esse
966 3100 1074 3172 putent
1103 3090 1185 3168 (Sa-

56 3185 177 3269 vigny,
199 3187 502 3264 Obligatiouenreeht
516 3185 591 3246 Bdl
602 3185 687 3268 pta.
702 3189 820 3261 nota),
842 3191 883 3246 ita
903 3193 936 3246 nt
951 3185 1185 3266 Papinianus

57 3287 123 3354 agat
135 3281 177 3340 de
197 3281 523 3352 diversis,rattontbus,
544 3280 653 3356 quibus
678 3281 840 3356 legatarius
860 3279 991 3358 legatum
1007 3281 1074 3341 sibi
1089 3279 1185 3338 utilis·

56 3367 161 3432 simum
176 3372 240 3431 lore
253 3373 372 3450 cogitet.
395 3371 627 3430 concedendurn
643 3379 701 3440 est,
722 3373 748 3430 si
759 3369 826 3431 sola
846 3372 875 3428 in
886 3372 978 3430 verba
998 3377 1186 3450 spectemus,

55 3465 210 3542 utramque
249 3465 523 3544 interpretationem
567 3463 636 3522 ferri
679 3481 790 3543 posse,
829 3463 884 3522 sed
924 3463 984 3540 ipsi
1024 3465 1067 3522 rei
1106 3463 1186 3540 prior

56 3551 260 3636 interpretatio
292 3557 388 3634 aptior
418 3555 536 3615 videtur
567 3573 650 3614 esse.
697 3554 835 3614 Ceterum
870 3553 950 3629 quod
982 3553 1020 3612 ad
1051 3566 1184 3614 nostram

56 3649 266 3720 quaestionem
287 3649 409 3716 attinet,
436 3668 473 3707 an
497 3645 730 3726 Papinianus
752 3645 808 3704 hae
828 3646 857 3702 in
881 3645 948 3723 lege
971 3647 1114 3726 pupillum
1135 3668 1185 3708 na·

56 3741 188 3800 totaliter
209 3741 373 3818 obligatum
395 3741 568 3818 agnoverit,
593 3739 703 3814 nullius
722 3737 862 3796 momenti
883 3743 947 3807 est,
974 3745 1069 3798 utrum
1090 3746 1183 3800 tasta-

55 3832 149 3890 torem
172 3851 244 3892 esse
264 3833 343 3892 hune
362 3833 521 3912 petitorem
547 3850 743 3898 censeamus,
771 3847 808 3888 au
831 3829 1015 3907 legatarium.
1040 3863 1071 3873 -
1103 3828 1184 3900 Quid

57 3922 160 3984 valeat·
172 3925 306 4003 legatum
328 3923 458 3984 nominis
480 3925 637 3994 naturaliS,
663 3925 730 3982 sive
751 3922 794 3980 ita
817 3921 965 4000 legaverit
988 3926 1130 3988 testator,
1152 3929 1185 3983 ut

55 4011 217 4094 legatarius
237 4017 367 4084 creditor
389 4015 536 4089 naturalis
549 4016 615 4084 liat,
638 4016 705 4080 sive
725 4015 767 4076 ita
786 4019 817 4073 ut
831 4014 922 4074 heres
940 4015 1070 4074 creditor
1089 4016 1186 4080 sitae

59 4103 219 4186 legatarius
233 4107 396 4178 nihilaliud
405 4114 513 4188 patere
520 4108 632 4189 possit,
642 4107 810 4185 quamquod
825 4107 958 4186 pupillus
968 4105 1196 4184 tortesolverit,3

57 4197 112 4261 hac
132 4202 171 4264 de
191 4223 225 4263 ra
245 4203 320 4263 intra
338 4202 430 4262 verba
448 4201 579 4272 ,taciem
605 4219 696 4278 quum
722 4198 861 4278 singulos
888 4199 1033 4268 naturalis
1061 4199 1185 4282 pupillo·

58 4309 116 4358 root
141 4291 487 4374 obligetiouiaadeotoa
509 4293 652 4364 tractabo.
676 4291 715 4364 et.
729 4291 808 4368 §.rt
826 4291 997 4373 „napta
1102 4356 1106 4370 ,
