2864 4976
702 386 924 460 -4,.

417 591 454 656 Si
481 586 623 672 pupillus
648 589 721 652 siue
753 590 870 652 tutoris
895 587 1096 650 auctoritate
1126 586 1288 652 Stichum
1327 609 1398 670 pro·

416 693 541 763 mittat,
574 699 606 750 et
634 687 867 773 fidejussorem
895 686 1003 768 dedit,
1027 707 1148 752 servus
1170 698 1294 751 autem
1323 701 1398 772 post

418 809 545 854 moram
573 809 594 850 a
617 787 741 872 pupillo
768 787 889 852 factam
920 787 1080 863 decedat,
1110 807 1174 851 neo
1200 787 1396 872 fidejussor

418 890 480 954 erit
504 901 642 972 propter
672 887 782 972 pupilli
813 907 938 951 moram
967 886 1150 970 obligatum
1179 887 1277 951 nulla
1309 891 1395 952 enin

413 988 604 1072 intelligitur
624 1007 718 1052 mora
738 989 781 1052 ibi
800 987 883 1066 lieri,
906 988 960 1050 ubi
981 985 1071 1052 nulla
1090 989 1204 1070 petitio
1220 1000 1302 1064 est3
1334 1010 1397 1050 esse

417 1097 526 1151 autem
545 1085 767 1175 fidejussorem
789 1086 963 1175 obligatum
985 1085 1029 1148 orl
1050 1085 1127 1163 lior,
1158 1097 1197 1150 ut
1224 1089 1313 1151 vivo
1346 1087 1395 1150 lto·

415 1191 504 1252 mine
525 1191 751 1266 conveniatur,
775 1189 827 1251 oal
848 1211 890 1252 ex
906 1210 998 1252 moro
1019 1209 1082 1250 suu
1101 1197 1221 1274 postea

336 1291 584 1375 Papinianus
605 1287 659 1352 lib.
673 1288 822 1355 XXVlll.
847 1289 1086 1362 Quaestionum
1098 1291 1159 1368 ³1):

413 1389 526 1456 Aditio
536 1388 731 1454 hereditatis
753 1425 784 1434 ·-
803 1389 981 1472 aliquando
1003 1410 1064 1472 pro
1089 1386 1260 1451 solutione
1287 1389 1392 1458 cedit

414 1491 444 1555 si
470 1489 557 1554 forte
582 1491 745 1565 creditor,
773 1490 826 1574 qni
848 1487 972 1572 pupillo
996 1489 1069 1552 sine
1093 1489 1210 1552 tutoris
1233 1491 1390 1552 auctori·

414 1603 484 1656 tata
517 1613 668 1654 nummos
701 1593 906 1664 crediderat,
941 1589 1042 1654 heres
1071 1591 1100 1652 ei
1136 1589 1285 1664 exstitit3
1327 1611 1390 1653 non

415 1693 500 1754 enim
522 1702 644 1774 quanto
668 1691 866 1774 locupletior
891 1689 1033 1774 pupillus
1060 1690 1171 1756 lactus
1196 1701 1270 1766 est,
1305 1713 1404 1755 con.

409 1804 632 1878 sequeretur,
656 1793 772 1856 sedin
796 1792 936 1856 solidum
958 1792 1117 1856 creditum
1139 1812 1235 1854 suum
1262 1813 1311 1854 ex
1338 1791 1388 1854 lte-

415 1892 556 1956 reclitote
578 1895 704 1957 retinet.

332 1992 421 2055 ldem
444 1993 695 2076 Papinianus
715 1993 769 2058 lib.
782 1993 897 2056 XVlll.
920 1993 1072 2068 Quaestt.
1084 1999 1123 2064 1²)
1146 1991 1233 2056 haec
1262 1991 1388 2057 habet:

414 2092 593 2178 (Legatum
617 2097 701 2176 este)
726 2093 855 2157 Heres
877 2113 988 2158 meus
1010 2093 1116 2156 'litio
1140 2093 1249 2170 dato,
1277 2097 1386 2178 quod

414 2193 503 2258 mihi
532 2195 655 2280 Sejus
686 2196 825 2270 debat3
857 2195 885 2257 si
907 2195 1008 2279 Sejus
1031 2194 1174 2278 pupillus
1196 2195 1275 2258 sine
1300 2207 1385 2260 tuto·

412 2294 458 2358 ris
478 2297 677 2359 auctoritate
699 2316 848 2358 nunmms
869 2295 1070 2378 accepisset,
1093 2315 1156 2357 nec
1177 2291 1386 2376 locupletior

413 2391 525 2456 factus
537 2407 640 2478 esset,
665 2409 698 2459 et
720 2397 840 2478 petitor
862 2395 1084 2479 adpraesens
1107 2393 1250 2458 debitum
1273 2399 1385 2461 verba

412 2493 534 2572 retulit,
563 2496 639 2579 quia
663 2495 841 2580 nihilejus
865 2494 979 2572 (lebet,
1009 2493 1129 2558 nullius
1152 2499 1309 2558 momenti
1334 2497 1385 2561 le·

412 2605 525 2676 gutum
546 2597 625 2671 erit3
648 2597 735 2680 quod
759 2597 786 2658 si
809 2598 911 2659 verbo
935 2596 1034 2660 debiti
1057 2593 1236 2658 traturalem
1252 2591 1387 2682 obliqu-

414 2694 532 2758 etonem
553 2705 585 2758 et
606 2691 967 2782 futurom‘solutiouem
990 2698 1160 2781 cogitavit,
1181 2695 1310 2758 interim
1333 2701 1384 2760 ni·

412 2794 457 2859 hil
479 2795 583 2860 Titius
608 2808 712 2880 petet,
742 2799 838 2882 quasi
867 2797 967 2860 tacite
997 2797 1143 2862 conditio
1173 2797 1301 2858 inserta
1326 2799 1381 2880 sit,

410 2915 476 2958 non
501 2917 604 2960 secus
628 2919 668 2962 ac
696 2899 724 2961 si
750 2905 795 2962 ita
819 2899 971 2962 dixisset:
1000 2898 1105 2962 Titio
1136 2899 1244 2974 dato,
1273 2901 1379 2980 quod

411 2995 589 3080 pupillus
622 2997 814 3080 solverit,
845 2999 897 3062 vel
933 3001 960 3062 si
992 2999 1156 3082 legasset:
1189 3000 1297 3084 quod
1332 3021 1378 3064 ex

409 3095 614 3160 Arethusa
641 3110 772 3162 natum
800 3100 897 3176 crit,
926 3097 996 3163 vel:
1023 3099 1201 3181 fructus,
1236 3100 1305 3183 qui
1339 3103 1378 3164 in

410 3195 494 3284 illo!
505 3196 871 3264 fundo'rrascentur.
896 3198 1105 3264 Contrarium
1116 3222 1181 3264 non
1196 3211 1261 3282 est,
1275 3205 1378 3285 quod,

411 3295 439 3362 si
469 3298 578 3360 medio
604 3309 754 3380 tempore
776 3299 959 3382 legatarius
982 3301 1152 3380 moriatur,
1186 3311 1218 3363 et
1250 3315 1377 3382 postea

409 3407 526 3481 partus
550 3399 683 3478 edatur,
712 3398 841 3464 fructus
872 3403 1084 3484 perveniant,
1114 3401 1291 3485 pecuniam
1317 3425 1375 3486 pu·

409 3497 507 3584 pillus
535 3499 705 3580 exsolvat,
731 3502 831 3566 heres
861 3502 1012 3590 legatarii
1041 3504 1233 3588 petitionem
1253 3501 1375 3580 habea

407 3621 549 3687 namque
573 3603 645 3666 dies
669 3603 784 3686 legati,
816 3606 868 3666 oui
895 3605 1040 3666 conditio
1067 3624 1132 3668 non
1157 3604 1375 3684 adscribitur,

410 3703 559 3783 quamvis
583 3704 815 3769 exstrinsecus
839 3703 1050 3787 expectanda
1071 3704 1125 3782 sit,
1147 3704 1243 3768 cedit.

307 3797 477 3880 Denique
502 3800 742 3882 Pomponius
764 3801 1153 3887 tib.XV111.Epistot.¹³)
1175 3803 1230 3868 tali
1254 3807 1375 3870 modo:

410 3896 603 3980 creditore,
632 3903 686 3986 qui
710 3905 751 3968 de
775 3915 885 3968 mutua
906 3906 1049 3988 pecunia
1072 3915 1190 3970 contra
1212 3906 1377 3990 pupillum

248 4037 450 4056 -ο-ὼ--α--ι

1409 4049 1410 4084 l

318 4125 357 4200 ¹¹)
379 4126 397 4184 l.
410 4127 456 4186 95.
474 4127 533 4205 Μ.
548 4129 587 4192 de
602 4129 705 4192 soluti.
720 4130 780 4206 (tt.
790 4129 843 4205 3.)·
1182 4151 1184 4158 “

317 4216 357 4292 ¹²)
378 4217 395 4276 l.
407 4217 454 4278 25.
469 4220 496 4298 ᾗ.
509 4220 534 4280 l.
556 4222 677 4300 quando
698 4223 765 4286 dies
785 4223 878 4300 legati
899 4223 1006 4300 (36.9).
1409 4227 1410 4302 l

317 4308 845 4392 1mnpammnmt
963 4371 965 4378 .
1409 4307 1410 4316 '
