<?xml version="1.0" encoding="UTF-8"?>
<!DOCTYPE html PUBLIC "-//W3C//DTD XHTML 1.0 Transitional//EN"
    "http://www.w3.org/TR/xhtml1/DTD/xhtml1-transitional.dtd">
<html xmlns="http://www.w3.org/1999/xhtml" xml:lang="en" lang="en">
 <head>
  <title>
</title>
<meta http-equiv="Content-Type" content="text/html;charset=utf-8" />
  <meta name='ocr-system' content='tesseract 3.04.00' />
  <meta name='ocr-capabilities' content='ocr_page ocr_carea ocr_par ocr_line ocrx_word'/>
</head>
<body>
  <div class='ocr_page' id='page_1' title='image "./denaturalioblig00schugoog_0050.png"; bbox 0 0 2864 4976; ppageno 0'>
   <div class='ocr_carea' id='block_1_1' title="bbox 464 269 760 406">
    <p class='ocr_par' dir='ltr' id='par_1_1' title="bbox 464 269 760 406">
     <span class='ocr_line' id='line_1_1' title="bbox 464 269 760 406; baseline 0 -30"><span class='ocrx_word' id='word_1_1' title='bbox 464 269 760 406; x_wconf 51' lang='lat' dir='ltr'><strong>„hm-</strong></span> 
     </span>
    </p>
   </div>
   <div class='ocr_carea' id='block_1_2' title="bbox 2 503 1205 1398">
    <p class='ocr_par' dir='ltr' id='par_1_2' title="bbox 2 503 1205 1398">
     <span class='ocr_line' id='line_1_2' title="bbox 43 503 1205 600; baseline 0.003 -27"><span class='ocrx_word' id='word_1_2' title='bbox 43 511 166 589; x_wconf 73' lang='lat' dir='ltr'><strong>titur,¹</strong></span> <span class='ocrx_word' id='word_1_3' title='bbox 181 509 271 582; x_wconf 78' lang='lat' dir='ltr'><strong>siunt</strong></span> <span class='ocrx_word' id='word_1_4' title='bbox 283 517 423 575; x_wconf 68' lang='lat' dir='ltr'><strong>&#39;ceterae</strong></span> <span class='ocrx_word' id='word_1_5' title='bbox 444 505 606 574; x_wconf 85' lang='lat' dir='ltr'><strong>naturalis</strong></span> <span class='ocrx_word' id='word_1_6' title='bbox 625 504 836 590; x_wconf 75' lang='lat' dir='ltr'><strong>obligationis</strong></span> <span class='ocrx_word' id='word_1_7' title='bbox 856 506 1002 588; x_wconf 83' lang='lat' dir='ltr'><strong>species.</strong></span> <span class='ocrx_word' id='word_1_8' title='bbox 1045 505 1097 574; x_wconf 78' lang='lat' dir='ltr'><strong>iix</strong></span> <span class='ocrx_word' id='word_1_9' title='bbox 1111 503 1205 600; x_wconf 71' lang='lat' dir='ltr'><strong>civili</strong></span> 
     </span>
     <span class='ocr_line' id='line_1_3' title="bbox 44 604 1205 695; baseline 0.003 -22"><span class='ocrx_word' id='word_1_10' title='bbox 44 630 147 676; x_wconf 85' lang='lat' dir='ltr'><strong>vero</strong></span> <span class='ocrx_word' id='word_1_11' title='bbox 175 607 397 691; x_wconf 74' lang='lat' dir='ltr'><strong>obligatione,</strong></span> <span class='ocrx_word' id='word_1_12' title='bbox 415 609 512 682; x_wconf 78' lang='lat' dir='ltr'><strong>verbi</strong></span> <span class='ocrx_word' id='word_1_13' title='bbox 529 608 652 691; x_wconf 81' lang='lat' dir='ltr'><strong>gratia,</strong></span> <span class='ocrx_word' id='word_1_14' title='bbox 679 629 787 692; x_wconf 79' lang='lat' dir='ltr'><strong>quum·</strong></span> <span class='ocrx_word' id='word_1_15' title='bbox 799 605 998 695; x_wconf 80' lang='lat' dir='ltr'><strong>locupietior</strong></span> <span class='ocrx_word' id='word_1_16' title='bbox 1016 604 1128 674; x_wconf 82' lang='lat' dir='ltr'><strong>laetus</strong></span> <span class='ocrx_word' id='word_1_17' title='bbox 1151 619 1205 677; x_wconf 85' lang='lat' dir='ltr'><strong>est</strong></span> 
     </span>
     <span class='ocr_line' id='line_1_4' title="bbox 46 705 1203 794; baseline -0.001 -16"><span class='ocrx_word' id='word_1_18' title='bbox 46 732 98 778; x_wconf 82' lang='lat' dir='ltr'><strong>ex</strong></span> <span class='ocrx_word' id='word_1_19' title='bbox 124 710 286 794; x_wconf 79' lang='lat' dir='ltr'><strong>negotio,</strong></span> <span class='ocrx_word' id='word_1_20' title='bbox 312 705 469 792; x_wconf 88' lang='lat' dir='ltr'><strong>pupilium</strong></span> <span class='ocrx_word' id='word_1_21' title='bbox 490 707 589 772; x_wconf 85' lang='lat' dir='ltr'><strong>etiam</strong></span> <span class='ocrx_word' id='word_1_22' title='bbox 610 708 683 772; x_wconf 88' lang='lat' dir='ltr'><strong>sine</strong></span> <span class='ocrx_word' id='word_1_23' title='bbox 705 719 815 772; x_wconf 82' lang='lat' dir='ltr'><strong>tutore</strong></span> <span class='ocrx_word' id='word_1_24' title='bbox 830 710 926 794; x_wconf 85' lang='lat' dir='ltr'><strong>juste</strong></span> <span class='ocrx_word' id='word_1_25' title='bbox 947 707 1083 771; x_wconf 86' lang='lat' dir='ltr'><strong>solvere</strong></span> <span class='ocrx_word' id='word_1_26' title='bbox 1100 731 1203 792; x_wconf 87' lang='lat' dir='ltr'><strong>posse</strong></span> 
     </span>
     <span class='ocr_line' id='line_1_5' title="bbox 46 802 1202 896; baseline -0.002 -18"><span class='ocrx_word' id='word_1_27' title='bbox 46 821 222 896; x_wconf 84' lang='lat' dir='ltr'><strong>apparet,</strong></span> <span class='ocrx_word' id='word_1_28' title='bbox 243 829 342 895; x_wconf 88' lang='lat' dir='ltr'><strong>quom</strong></span> <span class='ocrx_word' id='word_1_29' title='bbox 360 806 533 886; x_wconf 71' lang='lat' dir='ltr'><strong>resolvat,</strong></span> <span class='ocrx_word' id='word_1_30' title='bbox 555 828 617 891; x_wconf 78' lang='lat' dir='ltr'><strong>per</strong></span> <span class='ocrx_word' id='word_1_31' title='bbox 630 808 779 894; x_wconf 90' lang='lat' dir='ltr'><strong>judicem</strong></span> <span class='ocrx_word' id='word_1_32' title='bbox 800 811 876 894; x_wconf 82' lang='lat' dir='ltr'><strong>cogi</strong></span> <span class='ocrx_word' id='word_1_33' title='bbox 893 810 1002 894; x_wconf 80' lang='lat' dir='ltr'><strong>possit</strong></span> <span class='ocrx_word' id='word_1_34' title='bbox 1020 820 1054 874; x_wconf 89' lang='lat' dir='ltr'><strong>et</strong></span> <span class='ocrx_word' id='word_1_35' title='bbox 1066 802 1202 892; x_wconf 82' lang='lat' dir='ltr'><strong>saepius</strong></span> 
     </span>
     <span class='ocr_line' id='line_1_6' title="bbox 46 905 1201 997; baseline 0.001 -22"><span class='ocrx_word' id='word_1_36' title='bbox 46 911 84 978; x_wconf 84' lang='lat' dir='ltr'><strong>in</strong></span> <span class='ocrx_word' id='word_1_37' title='bbox 111 911 252 997; x_wconf 85' lang='lat' dir='ltr'><strong>iegibus</strong></span> <span class='ocrx_word' id='word_1_38' title='bbox 280 910 402 972; x_wconf 86' lang='lat' dir='ltr'><strong>dictum</strong></span> <span class='ocrx_word' id='word_1_39' title='bbox 425 907 487 987; x_wconf 88' lang='lat' dir='ltr'><strong>sit,</strong></span> <span class='ocrx_word' id='word_1_40' title='bbox 516 905 673 992; x_wconf 84' lang='lat' dir='ltr'><strong>popilium</strong></span> <span class='ocrx_word' id='word_1_41' title='bbox 696 908 859 992; x_wconf 86' lang='lat' dir='ltr'><strong>ejusmodi</strong></span> <span class='ocrx_word' id='word_1_42' title='bbox 881 908 1078 996; x_wconf 82' lang='lat' dir='ltr'><strong>solutionem</strong></span> <span class='ocrx_word' id='word_1_43' title='bbox 1102 929 1201 993; x_wconf 89' lang='lat' dir='ltr'><strong>repe·</strong></span> 
     </span>
     <span class='ocr_line' id='line_1_7' title="bbox 46 1009 781 1096; baseline -0.007 -18"><span class='ocrx_word' id='word_1_44' title='bbox 46 1023 189 1080; x_wconf 81' lang='lat' dir='ltr'><strong>tentent</strong></span> <span class='ocrx_word' id='word_1_45' title='bbox 212 1009 279 1076; x_wconf 92' lang='lat' dir='ltr'><strong>doli</strong></span> <span class='ocrx_word' id='word_1_46' title='bbox 301 1009 499 1092; x_wconf 78' lang='lat' dir='ltr'><strong>exceptione</strong></span> <span class='ocrx_word' id='word_1_47' title='bbox 521 1009 781 1096; x_wconf 58' lang='lat' dir='ltr'><strong>summoverint.</strong></span> 
     </span>
     <span class='ocr_line' id='line_1_8' title="bbox 2 1097 1199 1194; baseline -0.001 -17"><span class='ocrx_word' id='word_1_48' title='bbox 2 1189 3 1192; x_wconf 8' lang='grc' dir='ltr'><strong>Ἴ</strong></span> <span class='ocrx_word' id='word_1_49' title='bbox 146 1111 187 1177; x_wconf 87' lang='lat' dir='ltr'><strong>Si</strong></span> <span class='ocrx_word' id='word_1_50' title='bbox 203 1131 364 1177; x_wconf 86' lang='lat' dir='ltr'><strong>verouou</strong></span> <span class='ocrx_word' id='word_1_51' title='bbox 387 1097 462 1192; x_wconf 80' lang='lat' dir='ltr'><strong>ipse</strong></span> <span class='ocrx_word' id='word_1_52' title='bbox 485 1107 641 1192; x_wconf 86' lang='lat' dir='ltr'><strong>pupillus,</strong></span> <span class='ocrx_word' id='word_1_53' title='bbox 666 1107 726 1172; x_wconf 90' lang='lat' dir='ltr'><strong>sed</strong></span> <span class='ocrx_word' id='word_1_54' title='bbox 749 1107 896 1174; x_wconf 88' lang='lat' dir='ltr'><strong>heredes</strong></span> <span class='ocrx_word' id='word_1_55' title='bbox 919 1107 993 1194; x_wconf 85' lang='lat' dir='ltr'><strong>ejus</strong></span> <span class='ocrx_word' id='word_1_56' title='bbox 1015 1109 1199 1192; x_wconf 82' lang='lat' dir='ltr'><strong>solverunt,</strong></span> 
     </span>
     <span class='ocr_line' id='line_1_9' title="bbox 48 1205 1199 1297; baseline 0 -21"><span class='ocrx_word' id='word_1_57' title='bbox 48 1213 215 1276; x_wconf 80' lang='lat' dir='ltr'><strong>creditor</strong></span> <span class='ocrx_word' id='word_1_58' title='bbox 240 1211 385 1274; x_wconf 89' lang='lat' dir='ltr'><strong>solutum</strong></span> <span class='ocrx_word' id='word_1_59' title='bbox 407 1211 528 1273; x_wconf 89' lang='lat' dir='ltr'><strong>retinet</strong></span> <span class='ocrx_word' id='word_1_60' title='bbox 549 1227 659 1293; x_wconf 82' lang='lat' dir='ltr'><strong>neque</strong></span> <span class='ocrx_word' id='word_1_61' title='bbox 680 1205 826 1272; x_wconf 85' lang='lat' dir='ltr'><strong>heredes</strong></span> <span class='ocrx_word' id='word_1_62' title='bbox 843 1205 1199 1297; x_wconf 61' lang='lat' dir='ltr'><strong>conuicere‘possunt,</strong></span> 
     </span>
     <span class='ocr_line' id='line_1_10' title="bbox 50 1309 1198 1398; baseline -0.001 -20"><span class='ocrx_word' id='word_1_63' title='bbox 50 1311 152 1398; x_wconf 84' lang='lat' dir='ltr'><strong>quod</strong></span> <span class='ocrx_word' id='word_1_64' title='bbox 167 1309 358 1387; x_wconf 85' lang='lat' dir='ltr'><strong>solverunt,</strong></span> <span class='ocrx_word' id='word_1_65' title='bbox 381 1311 505 1394; x_wconf 86' lang='lat' dir='ltr'><strong>quippe</strong></span> <span class='ocrx_word' id='word_1_66' title='bbox 518 1310 638 1394; x_wconf 87' lang='lat' dir='ltr'><strong>quibus</strong></span> <span class='ocrx_word' id='word_1_67' title='bbox 653 1309 809 1374; x_wconf 82' lang='lat' dir='ltr'><strong>alienatio</strong></span> <span class='ocrx_word' id='word_1_68' title='bbox 824 1331 890 1374; x_wconf 89' lang='lat' dir='ltr'><strong>nou</strong></span> <span class='ocrx_word' id='word_1_69' title='bbox 905 1309 948 1372; x_wconf 91' lang='lat' dir='ltr'><strong>sit</strong></span> <span class='ocrx_word' id='word_1_70' title='bbox 962 1310 1139 1376; x_wconf 89' lang='lat' dir='ltr'><strong>interdicta</strong></span> <span class='ocrx_word' id='word_1_71' title='bbox 1149 1313 1198 1393; x_wconf 80' lang='lat'>¹⁶).</span> 
     </span>
    </p>
   </div>
   <div class='ocr_carea' id='block_1_3' title="bbox 145 1395 1307 1495">
    <p class='ocr_par' dir='ltr' id='par_1_3' title="bbox 145 1395 1307 1495">
     <span class='ocr_line' id='line_1_11' title="bbox 145 1395 1307 1495; baseline 0.001 -20"><span class='ocrx_word' id='word_1_72' title='bbox 145 1411 334 1478; x_wconf 77' lang='lat' dir='ltr'><strong>&#39;Bt-nudis</strong></span> <span class='ocrx_word' id='word_1_73' title='bbox 356 1431 437 1474; x_wconf 86' lang='lat' dir='ltr'><strong>vero</strong></span> <span class='ocrx_word' id='word_1_74' title='bbox 459 1431 557 1495; x_wconf 88' lang='lat' dir='ltr'><strong>quum</strong></span> <span class='ocrx_word' id='word_1_75' title='bbox 580 1409 613 1472; x_wconf 90' lang='lat' dir='ltr'><strong>id</strong></span> <span class='ocrx_word' id='word_1_76' title='bbox 637 1429 769 1494; x_wconf 89' lang='lat' dir='ltr'><strong>quoque</strong></span> <span class='ocrx_word' id='word_1_77' title='bbox 791 1407 961 1494; x_wconf 89' lang='lat' dir='ltr'><strong>pupilium,</strong></span> <span class='ocrx_word' id='word_1_78' title='bbox 980 1411 1069 1494; x_wconf 88' lang='lat' dir='ltr'><strong>quod</strong></span> <span class='ocrx_word' id='word_1_79' title='bbox 1088 1421 1198 1476; x_wconf 89' lang='lat' dir='ltr'><strong>tutore</strong></span> <span class='ocrx_word' id='word_1_80' title='bbox 1300 1395 1307 1414; x_wconf 88' lang='grc'><strong>’</strong></span> 
     </span>
    </p>
   </div>
   <div class='ocr_carea' id='block_1_4' title="bbox 2 1507 1197 2300">
    <p class='ocr_par' dir='ltr' id='par_1_4' title="bbox 2 1507 1197 2300">
     <span class='ocr_line' id='line_1_12' title="bbox 2 1507 1197 1598; baseline 0 -22"><span class='ocrx_word' id='word_1_81' title='bbox 2 1567 3 1596; x_wconf 34' lang='lat' dir='ltr'><strong>p</strong></span> <span class='ocrx_word' id='word_1_82' title='bbox 48 1510 150 1576; x_wconf 85' lang='lat' dir='ltr'><strong>baud</strong></span> <span class='ocrx_word' id='word_1_83' title='bbox 168 1509 316 1582; x_wconf 87' lang='lat' dir='ltr'><strong>adhibito</strong></span> <span class='ocrx_word' id='word_1_84' title='bbox 335 1509 521 1586; x_wconf 86' lang='lat' dir='ltr'><strong>¹heredibus</strong></span> <span class='ocrx_word' id='word_1_85' title='bbox 537 1509 714 1573; x_wconf 81' lang='lat' dir='ltr'><strong>creditoris</strong></span> <span class='ocrx_word' id='word_1_86' title='bbox 729 1507 878 1584; x_wconf 85' lang='lat' dir='ltr'><strong>solverit,</strong></span> <span class='ocrx_word' id='word_1_87' title='bbox 891 1509 1071 1573; x_wconf 77' lang='lat' dir='ltr'><strong>euridicere</strong></span> <span class='ocrx_word' id='word_1_88' title='bbox 1093 1531 1197 1598; x_wconf 81' lang='lat' dir='ltr'><strong>posse</strong></span> 
     </span>
     <span class='ocr_line' id='line_1_13' title="bbox 49 1601 1196 1696; baseline 0 -20"><span class='ocrx_word' id='word_1_89' title='bbox 49 1623 177 1696; x_wconf 79' lang='lat' dir='ltr'><strong>neget,</strong></span> <span class='ocrx_word' id='word_1_90' title='bbox 202 1609 301 1694; x_wconf 88' lang='lat' dir='ltr'><strong>piane</strong></span> <span class='ocrx_word' id='word_1_91' title='bbox 319 1631 435 1676; x_wconf 87' lang='lat' dir='ltr'><strong>errare</strong></span> <span class='ocrx_word' id='word_1_92' title='bbox 449 1611 588 1676; x_wconf 77' lang='lat' dir='ltr'><strong>vitietur.</strong></span> <span class='ocrx_word' id='word_1_93' title='bbox 633 1607 794 1672; x_wconf 87' lang='lat' dir='ltr'><strong>Fontibus</strong></span> <span class='ocrx_word' id='word_1_94' title='bbox 806 1607 937 1694; x_wconf 87' lang='lat' dir='ltr'><strong>quidem</strong></span> <span class='ocrx_word' id='word_1_95' title='bbox 953 1609 1041 1694; x_wconf 88' lang='lat' dir='ltr'><strong>juris</strong></span> <span class='ocrx_word' id='word_1_96' title='bbox 1053 1601 1196 1676; x_wconf 86' lang='lat' dir='ltr'><strong>Romani</strong></span> 
     </span>
     <span class='ocr_line' id='line_1_14' title="bbox 51 1708 1197 1796; baseline 0.002 -18"><span class='ocrx_word' id='word_1_97' title='bbox 51 1712 241 1778; x_wconf 81' lang='lat' dir='ltr'><strong>Branrlis</strong></span> <span class='ocrx_word' id='word_1_98' title='bbox 255 1711 344 1776; x_wconf 82' lang='lat' dir='ltr'><strong>itanc</strong></span> <span class='ocrx_word' id='word_1_99' title='bbox 358 1731 452 1784; x_wconf 85' lang='lat' dir='ltr'><strong>suam</strong></span> <span class='ocrx_word' id='word_1_100' title='bbox 472 1711 671 1776; x_wconf 84' lang='lat' dir='ltr'><strong>sententiam</strong></span> <span class='ocrx_word' id='word_1_101' title='bbox 687 1708 819 1774; x_wconf 89' lang='lat' dir='ltr'><strong>fundari</strong></span> <span class='ocrx_word' id='word_1_102' title='bbox 837 1721 969 1793; x_wconf 89' lang='lat' dir='ltr'><strong>censet,</strong></span> <span class='ocrx_word' id='word_1_103' title='bbox 989 1711 1050 1775; x_wconf 87' lang='lat' dir='ltr'><strong>sed</strong></span> <span class='ocrx_word' id='word_1_104' title='bbox 1067 1709 1197 1796; x_wconf 84' lang='lat' dir='ltr'><strong>iegibus</strong></span> 
     </span>
     <span class='ocr_line' id='line_1_15' title="bbox 50 1809 1195 1900; baseline 0.002 -24"><span class='ocrx_word' id='word_1_105' title='bbox 50 1813 131 1892; x_wconf 89' lang='lat' dir='ltr'><strong>iliis,</strong></span> <span class='ocrx_word' id='word_1_106' title='bbox 157 1815 202 1878; x_wconf 86' lang='lat' dir='ltr'><strong>ad</strong></span> <span class='ocrx_word' id='word_1_107' title='bbox 217 1833 301 1900; x_wconf 84' lang='lat' dir='ltr'><strong>quas</strong></span> <span class='ocrx_word' id='word_1_108' title='bbox 318 1814 544 1896; x_wconf 74' lang='lat' dir='ltr'><strong>provocat10),</strong></span> <span class='ocrx_word' id='word_1_109' title='bbox 564 1809 643 1874; x_wconf 89' lang='lat' dir='ltr'><strong>nihii</strong></span> <span class='ocrx_word' id='word_1_110' title='bbox 659 1811 795 1894; x_wconf 87' lang='lat' dir='ltr'><strong>probari</strong></span> <span class='ocrx_word' id='word_1_111' title='bbox 808 1823 961 1894; x_wconf 88' lang='lat' dir='ltr'><strong>apparet,</strong></span> <span class='ocrx_word' id='word_1_112' title='bbox 969 1833 1085 1897; x_wconf 79' lang='lat' dir='ltr'><strong>¹quum,</strong></span> <span class='ocrx_word' id='word_1_113' title='bbox 1106 1815 1195 1899; x_wconf 84' lang='lat' dir='ltr'><strong>quod</strong></span> 
     </span>
     <span class='ocr_line' id='line_1_16' title="bbox 51 1911 1193 1998; baseline 0.001 -20"><span class='ocrx_word' id='word_1_114' title='bbox 51 1912 207 1998; x_wconf 88' lang='lat' dir='ltr'><strong>pupillus</strong></span> <span class='ocrx_word' id='word_1_115' title='bbox 238 1913 419 1980; x_wconf 85' lang='lat' dir='ltr'><strong>heredibus</strong></span> <span class='ocrx_word' id='word_1_116' title='bbox 442 1911 619 1976; x_wconf 83' lang='lat' dir='ltr'><strong>creditoris</strong></span> <span class='ocrx_word' id='word_1_117' title='bbox 651 1911 802 1988; x_wconf 88' lang='lat' dir='ltr'><strong>solverit,</strong></span> <span class='ocrx_word' id='word_1_118' title='bbox 823 1922 933 1975; x_wconf 88' lang='lat' dir='ltr'><strong>tutore</strong></span> <span class='ocrx_word' id='word_1_119' title='bbox 965 1933 1031 1976; x_wconf 88' lang='lat' dir='ltr'><strong>uon</strong></span> <span class='ocrx_word' id='word_1_120' title='bbox 1052 1925 1193 1979; x_wconf 89' lang='lat' dir='ltr'><strong>auctore</strong></span> 
     </span>
     <span class='ocr_line' id='line_1_17' title="bbox 52 2012 1192 2095; baseline 0.002 -17"><span class='ocrx_word' id='word_1_121' title='bbox 52 2034 131 2078; x_wconf 86' lang='lat' dir='ltr'><strong>eum</strong></span> <span class='ocrx_word' id='word_1_122' title='bbox 162 2014 327 2090; x_wconf 84' lang='lat' dir='ltr'><strong>scivisse,</strong></span> <span class='ocrx_word' id='word_1_123' title='bbox 357 2013 556 2092; x_wconf 85' lang='lat' dir='ltr'><strong>solutionem</strong></span> <span class='ocrx_word' id='word_1_124' title='bbox 583 2012 683 2095; x_wconf 82' lang='lat' dir='ltr'><strong>igitur</strong></span> <span class='ocrx_word' id='word_1_125' title='bbox 712 2013 754 2074; x_wconf 93' lang='lat' dir='ltr'><strong>ob</strong></span> <span class='ocrx_word' id='word_1_126' title='bbox 781 2012 1001 2076; x_wconf 79' lang='lat' dir='ltr'><strong>interventum</strong></span> <span class='ocrx_word' id='word_1_127' title='bbox 1031 2035 1192 2080; x_wconf 87' lang='lat' dir='ltr'><strong>novarum</strong></span> 
     </span>
     <span class='ocr_line' id='line_1_18' title="bbox 54 2111 1193 2200; baseline -0.004 -20"><span class='ocrx_word' id='word_1_128' title='bbox 54 2136 280 2198; x_wconf 85' lang='lat' dir='ltr'><strong>personarum</strong></span> <span class='ocrx_word' id='word_1_129' title='bbox 286 2116 411 2200; x_wconf 86' lang='lat' dir='ltr'><strong>justam</strong></span> <span class='ocrx_word' id='word_1_130' title='bbox 434 2135 524 2192; x_wconf 86' lang='lat' dir='ltr'><strong>esse,</strong></span> <span class='ocrx_word' id='word_1_131' title='bbox 548 2111 678 2177; x_wconf 86' lang='lat' dir='ltr'><strong>minime</strong></span> <span class='ocrx_word' id='word_1_132' title='bbox 701 2113 797 2177; x_wconf 86' lang='lat' dir='ltr'><strong>iniis</strong></span> <span class='ocrx_word' id='word_1_133' title='bbox 820 2113 941 2176; x_wconf 88' lang='lat' dir='ltr'><strong>dictum</strong></span> <span class='ocrx_word' id='word_1_134' title='bbox 964 2115 1017 2194; x_wconf 90' lang='lat' dir='ltr'><strong>sit,</strong></span> <span class='ocrx_word' id='word_1_135' title='bbox 1041 2118 1193 2198; x_wconf 82' lang='lat' dir='ltr'><strong>quaruvis</strong></span> 
     </span>
     <span class='ocr_line' id='line_1_19' title="bbox 52 2211 1192 2300; baseline 0.002 -22"><span class='ocrx_word' id='word_1_136' title='bbox 52 2216 190 2300; x_wconf 89' lang='lat' dir='ltr'><strong>quidem</strong></span> <span class='ocrx_word' id='word_1_137' title='bbox 212 2225 321 2278; x_wconf 87' lang='lat' dir='ltr'><strong>tutore</strong></span> <span class='ocrx_word' id='word_1_138' title='bbox 336 2213 483 2278; x_wconf 87' lang='lat' dir='ltr'><strong>adhibito</strong></span> <span class='ocrx_word' id='word_1_139' title='bbox 506 2213 665 2296; x_wconf 87' lang='lat' dir='ltr'><strong>pupilium</strong></span> <span class='ocrx_word' id='word_1_140' title='bbox 683 2213 829 2278; x_wconf 88' lang='lat' dir='ltr'><strong>solvisse</strong></span> <span class='ocrx_word' id='word_1_141' title='bbox 851 2233 917 2275; x_wconf 90' lang='lat' dir='ltr'><strong>nou</strong></span> <span class='ocrx_word' id='word_1_142' title='bbox 935 2215 1040 2298; x_wconf 84' lang='lat' dir='ltr'><strong>magis</strong></span> <span class='ocrx_word' id='word_1_143' title='bbox 1062 2211 1123 2280; x_wconf 86' lang='lat' dir='ltr'><strong>icti</strong></span> <span class='ocrx_word' id='word_1_144' title='bbox 1146 2217 1192 2280; x_wconf 89' lang='lat' dir='ltr'><strong>di·</strong></span> 
     </span>
    </p>
   </div>
   <div class='ocr_carea' id='block_1_5' title="bbox 55 2309 1310 2400">
    <p class='ocr_par' dir='ltr' id='par_1_5' title="bbox 55 2309 1310 2400">
     <span class='ocr_line' id='line_1_20' title="bbox 55 2309 1310 2400; baseline 0.002 -22"><span class='ocrx_word' id='word_1_145' title='bbox 55 2329 143 2378; x_wconf 88' lang='lat' dir='ltr'><strong>cant.</strong></span> <span class='ocrx_word' id='word_1_146' title='bbox 191 2315 300 2389; x_wconf 85' lang='lat' dir='ltr'><strong>Quam</strong></span> <span class='ocrx_word' id='word_1_147' title='bbox 323 2315 423 2400; x_wconf 80' lang='lat' dir='ltr'><strong>igitur</strong></span> <span class='ocrx_word' id='word_1_148' title='bbox 441 2313 640 2378; x_wconf 87' lang='lat' dir='ltr'><strong>solutionem</strong></span> <span class='ocrx_word' id='word_1_149' title='bbox 663 2334 683 2377; x_wconf 87' lang='lat' dir='ltr'><strong>a</strong></span> <span class='ocrx_word' id='word_1_150' title='bbox 705 2311 830 2398; x_wconf 91' lang='lat' dir='ltr'><strong>pupilio</strong></span> <span class='ocrx_word' id='word_1_151' title='bbox 853 2311 975 2376; x_wconf 86' lang='lat' dir='ltr'><strong>factam</strong></span> <span class='ocrx_word' id='word_1_152' title='bbox 993 2314 1119 2399; x_wconf 85' lang='lat' dir='ltr'><strong>justam</strong></span> <span class='ocrx_word' id='word_1_153' title='bbox 1140 2315 1191 2380; x_wconf 81' lang='lat' dir='ltr'><strong>fu·</strong></span> <span class='ocrx_word' id='word_1_154' title='bbox 1308 2309 1310 2313; x_wconf 38' lang='lat'>⁸</span> 
     </span>
    </p>
   </div>
   <div class='ocr_carea' id='block_1_6' title="bbox 53 2413 1191 3301">
    <p class='ocr_par' dir='ltr' id='par_1_6' title="bbox 53 2413 1191 3301">
     <span class='ocr_line' id='line_1_21' title="bbox 55 2413 1190 2500; baseline 0.006 -24"><span class='ocrx_word' id='word_1_155' title='bbox 55 2415 139 2497; x_wconf 89' lang='lat' dir='ltr'><strong>isse,</strong></span> <span class='ocrx_word' id='word_1_156' title='bbox 176 2416 255 2500; x_wconf 90' lang='lat' dir='ltr'><strong>quia</strong></span> <span class='ocrx_word' id='word_1_157' title='bbox 276 2427 386 2480; x_wconf 89' lang='lat' dir='ltr'><strong>tutore</strong></span> <span class='ocrx_word' id='word_1_158' title='bbox 409 2427 547 2478; x_wconf 88' lang='lat' dir='ltr'><strong>auctore</strong></span> <span class='ocrx_word' id='word_1_159' title='bbox 577 2413 666 2477; x_wconf 84' lang='lat' dir='ltr'><strong>facta</strong></span> <span class='ocrx_word' id='word_1_160' title='bbox 691 2415 744 2490; x_wconf 87' lang='lat' dir='ltr'><strong>sit,</strong></span> <span class='ocrx_word' id='word_1_161' title='bbox 768 2425 887 2496; x_wconf 89' lang='lat' dir='ltr'><strong>putare</strong></span> <span class='ocrx_word' id='word_1_162' title='bbox 908 2413 1009 2500; x_wconf 87' lang='lat' dir='ltr'><strong>liceat</strong></span> <span class='ocrx_word' id='word_1_163' title='bbox 1031 2437 1094 2480; x_wconf 90' lang='lat' dir='ltr'><strong>uec</strong></span> <span class='ocrx_word' id='word_1_164' title='bbox 1116 2417 1190 2483; x_wconf 89' lang='lat' dir='ltr'><strong>aliis</strong></span> 
     </span>
     <span class='ocr_line' id='line_1_22' title="bbox 56 2514 1191 2604; baseline 0.005 -26"><span class='ocrx_word' id='word_1_165' title='bbox 56 2514 198 2600; x_wconf 82' lang='lat' dir='ltr'><strong>legibus,</strong></span> <span class='ocrx_word' id='word_1_166' title='bbox 214 2517 302 2602; x_wconf 87' lang='lat' dir='ltr'><strong>quud</strong></span> <span class='ocrx_word' id='word_1_167' title='bbox 317 2515 493 2579; x_wconf 82' lang='lat' dir='ltr'><strong>Brundis</strong></span> <span class='ocrx_word' id='word_1_168' title='bbox 504 2526 632 2597; x_wconf 87' lang='lat' dir='ltr'><strong>censet,</strong></span> <span class='ocrx_word' id='word_1_169' title='bbox 650 2515 820 2596; x_wconf 82' lang='lat' dir='ltr'><strong>probetur,</strong></span> <span class='ocrx_word' id='word_1_170' title='bbox 834 2517 1017 2579; x_wconf 87' lang='lat' dir='ltr'><strong>secundum</strong></span> <span class='ocrx_word' id='word_1_171' title='bbox 1031 2537 1082 2594; x_wconf 86' lang='lat' dir='ltr'><strong>ea,</strong></span> <span class='ocrx_word' id='word_1_172' title='bbox 1104 2536 1191 2604; x_wconf 87' lang='lat' dir='ltr'><strong>quae</strong></span> 
     </span>
     <span class='ocr_line' id='line_1_23' title="bbox 56 2612 1191 2702; baseline 0.006 -26"><span class='ocrx_word' id='word_1_173' title='bbox 56 2612 167 2684; x_wconf 77' lang='lat' dir='ltr'><strong>inient</strong></span> <span class='ocrx_word' id='word_1_174' title='bbox 190 2615 376 2702; x_wconf 84' lang='lat' dir='ltr'><strong>generatim</strong></span> <span class='ocrx_word' id='word_1_175' title='bbox 403 2615 444 2678; x_wconf 87' lang='lat' dir='ltr'><strong>de</strong></span> <span class='ocrx_word' id='word_1_176' title='bbox 467 2613 668 2700; x_wconf 89' lang='lat' dir='ltr'><strong>pupillorum</strong></span> <span class='ocrx_word' id='word_1_177' title='bbox 697 2615 817 2696; x_wconf 82' lang='lat' dir='ltr'><strong>agendi</strong></span> <span class='ocrx_word' id='word_1_178' title='bbox 841 2613 1016 2698; x_wconf 84' lang='lat' dir='ltr'><strong>facultate¹</strong></span> <span class='ocrx_word' id='word_1_179' title='bbox 1030 2619 1191 2702; x_wconf 85' lang='lat' dir='ltr'><strong>principia</strong></span> 
     </span>
     <span class='ocr_line' id='line_1_24' title="bbox 58 2701 1188 2802; baseline 0.006 -27"><span class='ocrx_word' id='word_1_180' title='bbox 58 2713 304 2798; x_wconf 85' lang='lat' dir='ltr'><strong>dijudicandum</strong></span> <span class='ocrx_word' id='word_1_181' title='bbox 317 2716 451 2780; x_wconf 88' lang='lat' dir='ltr'><strong>videtur</strong></span> <span class='ocrx_word' id='word_1_182' title='bbox 465 2701 555 2792; x_wconf 79' lang='lat' dir='ltr'><strong>esse,</strong></span> <span class='ocrx_word' id='word_1_183' title='bbox 577 2705 685 2779; x_wconf 85' lang='lat' dir='ltr'><strong>uirum</strong></span> <span class='ocrx_word' id='word_1_184' title='bbox 698 2715 794 2802; x_wconf 89' lang='lat' dir='ltr'><strong>justa</strong></span> <span class='ocrx_word' id='word_1_185' title='bbox 815 2716 858 2778; x_wconf 90' lang='lat' dir='ltr'><strong>sit</strong></span> <span class='ocrx_word' id='word_1_186' title='bbox 879 2714 1000 2778; x_wconf 90' lang='lat' dir='ltr'><strong>solutio</strong></span> <span class='ocrx_word' id='word_1_187' title='bbox 1022 2737 1042 2778; x_wconf 88' lang='lat' dir='ltr'><strong>a</strong></span> <span class='ocrx_word' id='word_1_188' title='bbox 1063 2717 1188 2800; x_wconf 91' lang='lat' dir='ltr'><strong>pupillo</strong></span> 
     </span>
     <span class='ocr_line' id='line_1_25' title="bbox 56 2813 1187 2898; baseline 0.006 -23"><span class='ocrx_word' id='word_1_189' title='bbox 56 2813 123 2877; x_wconf 88' lang='lat' dir='ltr'><strong>sine</strong></span> <span class='ocrx_word' id='word_1_190' title='bbox 154 2816 274 2880; x_wconf 89' lang='lat' dir='ltr'><strong>tutoris</strong></span> <span class='ocrx_word' id='word_1_191' title='bbox 302 2815 501 2880; x_wconf 87' lang='lat' dir='ltr'><strong>auctoritate</strong></span> <span class='ocrx_word' id='word_1_192' title='bbox 524 2815 697 2878; x_wconf 86' lang='lat' dir='ltr'><strong>creditoris</strong></span> <span class='ocrx_word' id='word_1_193' title='bbox 725 2813 906 2877; x_wconf 90' lang='lat' dir='ltr'><strong>heredibus</strong></span> <span class='ocrx_word' id='word_1_194' title='bbox 929 2813 1034 2898; x_wconf 85' lang='lat' dir='ltr'><strong>sacta,</strong></span> <span class='ocrx_word' id='word_1_195' title='bbox 1063 2837 1106 2880; x_wconf 87' lang='lat' dir='ltr'><strong>au</strong></span> <span class='ocrx_word' id='word_1_196' title='bbox 1131 2819 1187 2882; x_wconf 90' lang='lat' dir='ltr'><strong>im-</strong></span> 
     </span>
     <span class='ocr_line' id='line_1_26' title="bbox 57 2913 1187 3004; baseline 0.006 -27"><span class='ocrx_word' id='word_1_197' title='bbox 57 2918 194 3000; x_wconf 82' lang='lat' dir='ltr'><strong>pugnari</strong></span> <span class='ocrx_word' id='word_1_198' title='bbox 224 2917 342 3000; x_wconf 86' lang='lat' dir='ltr'><strong>possit.</strong></span> <span class='ocrx_word' id='word_1_199' title='bbox 388 2913 578 2980; x_wconf 86' lang='lat' dir='ltr'><strong>Secnudum</strong></span> <span class='ocrx_word' id='word_1_200' title='bbox 605 2914 692 2978; x_wconf 87' lang='lat' dir='ltr'><strong>haec</strong></span> <span class='ocrx_word' id='word_1_201' title='bbox 714 2934 796 2977; x_wconf 83' lang='lat' dir='ltr'><strong>vero</strong></span> <span class='ocrx_word' id='word_1_202' title='bbox 820 2913 963 2998; x_wconf 90' lang='lat' dir='ltr'><strong>pupillus</strong></span> <span class='ocrx_word' id='word_1_203' title='bbox 993 2938 1059 2979; x_wconf 90' lang='lat' dir='ltr'><strong>uon</strong></span> <span class='ocrx_word' id='word_1_204' title='bbox 1081 2921 1187 3004; x_wconf 83' lang='lat' dir='ltr'><strong>magis</strong></span> 
     </span>
     <span class='ocr_line' id='line_1_27' title="bbox 53 3009 1187 3104; baseline 0.01 -31"><span class='ocrx_word' id='word_1_205' title='bbox 53 3009 138 3091; x_wconf 87' lang='lat' dir='ltr'><strong>juste</strong></span> <span class='ocrx_word' id='word_1_206' title='bbox 167 3017 344 3080; x_wconf 84' lang='lat' dir='ltr'><strong>creditoris</strong></span> <span class='ocrx_word' id='word_1_207' title='bbox 376 3017 558 3080; x_wconf 88' lang='lat' dir='ltr'><strong>heredibus</strong></span> <span class='ocrx_word' id='word_1_208' title='bbox 585 3015 658 3079; x_wconf 89' lang='lat' dir='ltr'><strong>sine</strong></span> <span class='ocrx_word' id='word_1_209' title='bbox 689 3026 798 3078; x_wconf 87' lang='lat' dir='ltr'><strong>tutore</strong></span> <span class='ocrx_word' id='word_1_210' title='bbox 835 3013 950 3094; x_wconf 89' lang='lat' dir='ltr'><strong>solvit,</strong></span> <span class='ocrx_word' id='word_1_211' title='bbox 991 3038 1088 3102; x_wconf 85' lang='lat' dir='ltr'><strong>quam</strong></span> <span class='ocrx_word' id='word_1_212' title='bbox 1122 3019 1187 3104; x_wconf 87' lang='lat' dir='ltr'><strong>ipsi</strong></span> 
     </span>
     <span class='ocr_line' id='line_1_28' title="bbox 58 3115 1185 3204; baseline 0.012 -32"><span class='ocrx_word' id='word_1_213' title='bbox 58 3115 222 3199; x_wconf 82' lang='lat' dir='ltr'><strong>creditori,</strong></span> <span class='ocrx_word' id='word_1_214' title='bbox 243 3137 320 3180; x_wconf 83' lang='lat' dir='ltr'><strong>nram</strong></span> <span class='ocrx_word' id='word_1_215' title='bbox 333 3117 450 3181; x_wconf 88' lang='lat' dir='ltr'><strong>ommis</strong></span> <span class='ocrx_word' id='word_1_216' title='bbox 466 3115 620 3180; x_wconf 88' lang='lat' dir='ltr'><strong>alienatio</strong></span> <span class='ocrx_word' id='word_1_217' title='bbox 633 3115 766 3204; x_wconf 81' lang='lat' dir='ltr'><strong>pupillis</strong></span> <span class='ocrx_word' id='word_1_218' title='bbox 782 3115 956 3180; x_wconf 84' lang='lat' dir='ltr'><strong>interdicta</strong></span> <span class='ocrx_word' id='word_1_219' title='bbox 972 3127 1026 3182; x_wconf 89' lang='lat' dir='ltr'><strong>est</strong></span> <span class='ocrx_word' id='word_1_220' title='bbox 1042 3117 1099 3201; x_wconf 80' lang='lat'><strong>¹⁷),</strong></span> <span class='ocrx_word' id='word_1_221' title='bbox 1117 3140 1185 3186; x_wconf 89' lang='lat' dir='ltr'><strong>non</strong></span> 
     </span>
     <span class='ocr_line' id='line_1_29' title="bbox 57 3209 1184 3301; baseline 0.014 -31"><span class='ocrx_word' id='word_1_222' title='bbox 57 3209 157 3278; x_wconf 88' lang='lat' dir='ltr'><strong>solum</strong></span> <span class='ocrx_word' id='word_1_223' title='bbox 180 3215 367 3282; x_wconf 87' lang='lat' dir='ltr'><strong>satisfactio</strong></span> <span class='ocrx_word' id='word_1_224' title='bbox 395 3215 501 3299; x_wconf 85' lang='lat' dir='ltr'><strong>ipsius</strong></span> <span class='ocrx_word' id='word_1_225' title='bbox 523 3215 701 3280; x_wconf 84' lang='lat' dir='ltr'><strong>creditoris</strong></span> <span class='ocrx_word' id='word_1_226' title='bbox 724 3227 757 3279; x_wconf 91' lang='lat' dir='ltr'><strong>et</strong></span> <span class='ocrx_word' id='word_1_227' title='bbox 782 3236 835 3299; x_wconf 87' lang='lat' dir='ltr'><strong>eo,</strong></span> <span class='ocrx_word' id='word_1_228' title='bbox 857 3217 946 3301; x_wconf 89' lang='lat' dir='ltr'><strong>qnod</strong></span> <span class='ocrx_word' id='word_1_229' title='bbox 970 3217 1014 3282; x_wconf 88' lang='lat' dir='ltr'><strong>ad</strong></span> <span class='ocrx_word' id='word_1_230' title='bbox 1037 3209 1184 3286; x_wconf 75' lang='lat' dir='ltr'><strong>heredes</strong></span> 
     </span>
    </p>
   </div>
   <div class='ocr_carea' id='block_1_7' title="bbox 57 3396 327 3424">
    <p class='ocr_par' dir='ltr' id='par_1_7' title="bbox 57 3396 327 3424">
     <span class='ocr_line' id='line_1_30' title="bbox 57 3396 327 3424; baseline 0 0"><span class='ocrx_word' id='word_1_231' title='bbox 57 3396 254 3420; x_wconf 37' lang='lat' dir='ltr'><strong>x·—</strong></span> <span class='ocrx_word' id='word_1_232' title='bbox 318 3415 327 3424; x_wconf 74' lang='grc' dir='ltr'>ι</span> 
     </span>
    </p>
   </div>
   <div class='ocr_carea' id='block_1_8' title="bbox 56 3519 1180 3696">
    <p class='ocr_par' dir='ltr' id='par_1_8' title="bbox 56 3519 1180 3696">
     <span class='ocr_line' id='line_1_31' title="bbox 124 3519 1180 3604; baseline 0.001 -21"><span class='ocrx_word' id='word_1_233' title='bbox 124 3520 438 3594; x_wconf 82' lang='lat' dir='ltr'><strong>¹⁴)Maniieslissimns</strong></span> <span class='ocrx_word' id='word_1_234' title='bbox 462 3525 622 3604; x_wconf 76' lang='lat' dir='ltr'><strong>igiturest</strong></span> <span class='ocrx_word' id='word_1_235' title='bbox 642 3541 725 3584; x_wconf 82' lang='lat' dir='ltr'><strong>error</strong></span> <span class='ocrx_word' id='word_1_236' title='bbox 741 3519 1031 3594; x_wconf 72' lang='lat' dir='ltr'><strong>Autuutttiabri,</strong></span> <span class='ocrx_word' id='word_1_237' title='bbox 1055 3525 1106 3603; x_wconf 85' lang='lat' dir='ltr'><strong>qui</strong></span> <span class='ocrx_word' id='word_1_238' title='bbox 1119 3523 1180 3584; x_wconf 84' lang='lat' dir='ltr'><strong>Ra·</strong></span> 
     </span>
     <span class='ocr_line' id='line_1_32' title="bbox 56 3605 1179 3696; baseline 0.014 -35"><span class='ocrx_word' id='word_1_239' title='bbox 56 3605 149 3670; x_wconf 87' lang='lat' dir='ltr'><strong>liouai.</strong></span> <span class='ocrx_word' id='word_1_240' title='bbox 164 3614 203 3674; x_wconf 89' lang='lat' dir='ltr'><strong>ad</strong></span> <span class='ocrx_word' id='word_1_241' title='bbox 222 3613 293 3675; x_wconf 65' lang='lat' dir='ltr'><strong>iifl.</strong></span> <span class='ocrx_word' id='word_1_242' title='bbox 306 3614 345 3674; x_wconf 77' lang='lat' dir='ltr'><strong>de</strong></span> <span class='ocrx_word' id='word_1_243' title='bbox 369 3617 469 3696; x_wconf 84' lang='lat' dir='ltr'><strong>pactis</strong></span> <span class='ocrx_word' id='word_1_244' title='bbox 493 3622 632 3695; x_wconf 82' lang='lat' dir='ltr'><strong>repetere</strong></span> <span class='ocrx_word' id='word_1_245' title='bbox 650 3635 748 3695; x_wconf 85' lang='lat' dir='ltr'><strong>possa</strong></span> <span class='ocrx_word' id='word_1_246' title='bbox 768 3613 912 3695; x_wconf 84' lang='lat' dir='ltr'><strong>pupilium</strong></span> <span class='ocrx_word' id='word_1_247' title='bbox 941 3615 1023 3683; x_wconf 85' lang='lat' dir='ltr'><strong>dicit,</strong></span> <span class='ocrx_word' id='word_1_248' title='bbox 1047 3622 1078 3678; x_wconf 88' lang='lat' dir='ltr'><strong>ei</strong></span> <span class='ocrx_word' id='word_1_249' title='bbox 1098 3616 1179 3696; x_wconf 76' lang='lat' dir='ltr'><strong>quod</strong></span> 
     </span>
    </p>
   </div>
   <div class='ocr_carea' id='block_1_9' title="bbox 56 3703 1180 3844">
    <p class='ocr_par' dir='ltr' id='par_1_9' title="bbox 56 3703 1180 3844">
     <span class='ocr_line' id='line_1_33' title="bbox 57 3703 1180 3787; baseline 0.014 -31"><span class='ocrx_word' id='word_1_250' title='bbox 57 3711 91 3756; x_wconf 85' lang='lat' dir='ltr'><strong>ex</strong></span> <span class='ocrx_word' id='word_1_251' title='bbox 115 3703 297 3781; x_wconf 74' lang='lat' dir='ltr'><strong>obligatione</strong></span> <span class='ocrx_word' id='word_1_252' title='bbox 317 3707 398 3767; x_wconf 84' lang='lat' dir='ltr'><strong>civili</strong></span> <span class='ocrx_word' id='word_1_253' title='bbox 417 3710 485 3768; x_wconf 87' lang='lat' dir='ltr'><strong>sina</strong></span> <span class='ocrx_word' id='word_1_254' title='bbox 503 3713 601 3769; x_wconf 86' lang='lat' dir='ltr'><strong>tutore</strong></span> <span class='ocrx_word' id='word_1_255' title='bbox 621 3707 758 3778; x_wconf 86' lang='lat' dir='ltr'><strong>solverit,</strong></span> <span class='ocrx_word' id='word_1_256' title='bbox 778 3713 810 3768; x_wconf 87' lang='lat' dir='ltr'><strong>el</strong></span> <span class='ocrx_word' id='word_1_257' title='bbox 829 3725 868 3768; x_wconf 84' lang='lat' dir='ltr'><strong>ax</strong></span> <span class='ocrx_word' id='word_1_258' title='bbox 892 3708 1077 3787; x_wconf 77' lang='lat' dir='ltr'><strong>obligatione</strong></span> <span class='ocrx_word' id='word_1_259' title='bbox 1095 3716 1180 3772; x_wconf 87' lang='lat' dir='ltr'><strong>uatn·</strong></span> 
     </span>
     <span class='ocr_line' id='line_1_34' title="bbox 56 3772 524 3844; baseline 0.015 -9"><span class='ocrx_word' id='word_1_260' title='bbox 56 3772 104 3831; x_wconf 73' lang='lat' dir='ltr'><strong>teil</strong></span> <span class='ocrx_word' id='word_1_261' title='bbox 121 3795 186 3840; x_wconf 83' lang='lat' dir='ltr'><strong>cum</strong></span> <span class='ocrx_word' id='word_1_262' title='bbox 204 3785 315 3844; x_wconf 82' lang='lat' dir='ltr'><strong>tutoris</strong></span> <span class='ocrx_word' id='word_1_263' title='bbox 334 3785 524 3844; x_wconf 83' lang='lat' dir='ltr'><strong>auctoritate.</strong></span> 
     </span>
    </p>
   </div>
   <div class='ocr_carea' id='block_1_10' title="bbox 59 3868 1182 4320">
    <p class='ocr_par' dir='ltr' id='par_1_10' title="bbox 59 3868 1182 4320">
     <span class='ocr_line' id='line_1_35' title="bbox 124 3868 1182 3956; baseline 0.009 -22"><span class='ocrx_word' id='word_1_264' title='bbox 124 3868 166 3945; x_wconf 54' lang='grc' dir='ltr'><strong>ιὗ)</strong></span> <span class='ocrx_word' id='word_1_265' title='bbox 184 3873 257 3936; x_wconf 78' lang='lat' dir='ltr'><strong>tot.</strong></span> <span class='ocrx_word' id='word_1_266' title='bbox 270 3893 319 3954; x_wconf 83' lang='lat' dir='ltr'><strong>pr.</strong></span> <span class='ocrx_word' id='word_1_267' title='bbox 331 3873 371 3934; x_wconf 81' lang='lat' dir='ltr'><strong>nd</strong></span> <span class='ocrx_word' id='word_1_268' title='bbox 391 3874 446 3951; x_wconf 65' lang='lat' dir='ltr'><strong>isc.</strong></span> <span class='ocrx_word' id='word_1_269' title='bbox 462 3873 722 3950; x_wconf 54' lang='lat' dir='ltr'><strong>Trebatium).</strong></span> <span class='ocrx_word' id='word_1_270' title='bbox 738 3875 812 3938; x_wconf 70' lang='lat' dir='ltr'><strong>abb</strong></span> <span class='ocrx_word' id='word_1_271' title='bbox 823 3875 848 3954; x_wconf 66' lang='lat' dir='ltr'><strong>b.</strong></span> <span class='ocrx_word' id='word_1_272' title='bbox 860 3876 887 3940; x_wconf 71' lang='lat'>2</span> <span class='ocrx_word' id='word_1_273' title='bbox 897 3876 936 3938; x_wconf 87' lang='lat' dir='ltr'><strong>de</strong></span> <span class='ocrx_word' id='word_1_274' title='bbox 949 3877 1052 3940; x_wconf 81' lang='lat' dir='ltr'><strong>soluit</strong></span> <span class='ocrx_word' id='word_1_275' title='bbox 1068 3875 1126 3950; x_wconf 77' lang='lat' dir='ltr'><strong>(id.</strong></span> <span class='ocrx_word' id='word_1_276' title='bbox 1136 3876 1182 3956; x_wconf 68' lang='grc' dir='ltr'><strong>ὃ).</strong></span> 
     </span>
     <span class='ocr_line' id='line_1_36' title="bbox 125 3959 1175 4054; baseline 0.013 -31"><span class='ocrx_word' id='word_1_277' title='bbox 125 3959 162 4034; x_wconf 76' lang='lat'><strong>¹⁶)</strong></span> <span class='ocrx_word' id='word_1_278' title='bbox 181 3963 257 4024; x_wconf 75' lang='lat' dir='ltr'><strong>tal.</strong></span> <span class='ocrx_word' id='word_1_279' title='bbox 265 3985 310 4045; x_wconf 91' lang='lat' dir='ltr'><strong>pr.</strong></span> <span class='ocrx_word' id='word_1_280' title='bbox 324 3966 363 4026; x_wconf 88' lang='lat' dir='ltr'><strong>ad</strong></span> <span class='ocrx_word' id='word_1_281' title='bbox 377 3965 401 4026; x_wconf 79' lang='grc' dir='ltr'><strong>Ι..</strong></span> <span class='ocrx_word' id='word_1_282' title='bbox 416 3965 499 4026; x_wconf 78' lang='lat' dir='ltr'><strong>Faic.</strong></span> <span class='ocrx_word' id='word_1_283' title='bbox 514 3965 631 4041; x_wconf 67' lang='lat' dir='ltr'><strong>(m).</strong></span> <span class='ocrx_word' id='word_1_284' title='bbox 657 3966 730 4028; x_wconf 79' lang='lat' dir='ltr'><strong>itt.</strong></span> <span class='ocrx_word' id='word_1_285' title='bbox 745 3989 791 4048; x_wconf 90' lang='lat' dir='ltr'><strong>pr.</strong></span> <span class='ocrx_word' id='word_1_286' title='bbox 804 3969 843 4032; x_wconf 80' lang='lat' dir='ltr'><strong>ad</strong></span> <span class='ocrx_word' id='word_1_287' title='bbox 854 3969 906 4032; x_wconf 76' lang='lat' dir='ltr'><strong>Sc</strong></span> <span class='ocrx_word' id='word_1_288' title='bbox 920 3966 1175 4054; x_wconf 58' lang='lat' dir='ltr'><strong>Trebeii·.(36,lg).</strong></span> 
     </span>
     <span class='ocr_line' id='line_1_37' title="bbox 59 4039 1177 4141; baseline 0.008 -26"><span class='ocrx_word' id='word_1_289' title='bbox 59 4039 119 4108; x_wconf 61' lang='lat' dir='ltr'><strong>iffi·</strong></span> <span class='ocrx_word' id='word_1_290' title='bbox 133 4051 193 4129; x_wconf 70' lang='lat' dir='ltr'><strong>tl.</strong></span> <span class='ocrx_word' id='word_1_291' title='bbox 216 4057 337 4134; x_wconf 85' lang='lat' dir='ltr'><strong>quando</strong></span> <span class='ocrx_word' id='word_1_292' title='bbox 358 4057 427 4118; x_wconf 87' lang='lat' dir='ltr'><strong>dies</strong></span> <span class='ocrx_word' id='word_1_293' title='bbox 447 4057 538 4136; x_wconf 80' lang='lat' dir='ltr'><strong>iegati</strong></span> <span class='ocrx_word' id='word_1_294' title='bbox 550 4057 669 4134; x_wconf 68' lang='lat' dir='ltr'><strong>(tut).</strong></span> <span class='ocrx_word' id='word_1_295' title='bbox 684 4058 760 4120; x_wconf 79' lang='lat' dir='ltr'><strong>itt.</strong></span> <span class='ocrx_word' id='word_1_296' title='bbox 783 4059 822 4120; x_wconf 90' lang='lat' dir='ltr'><strong>de</strong></span> <span class='ocrx_word' id='word_1_297' title='bbox 840 4059 944 4122; x_wconf 85' lang='lat' dir='ltr'><strong>soluti.</strong></span> <span class='ocrx_word' id='word_1_298' title='bbox 957 4058 1077 4136; x_wconf 81' lang='grc'><strong>(46.3.&gt;,</strong></span> <span class='ocrx_word' id='word_1_299' title='bbox 1097 4080 1177 4141; x_wconf 79' lang='lat' dir='ltr'><strong>quae</strong></span> 
     </span>
     <span class='ocr_line' id='line_1_38' title="bbox 59 4147 913 4229; baseline 0.012 -27"><span class='ocrx_word' id='word_1_300' title='bbox 59 4150 153 4204; x_wconf 71' lang='lat' dir='ltr'><strong>‘lunas</strong></span> <span class='ocrx_word' id='word_1_301' title='bbox 172 4147 257 4226; x_wconf 77' lang='lat' dir='ltr'><strong>leges</strong></span> <span class='ocrx_word' id='word_1_302' title='bbox 277 4149 419 4227; x_wconf 83' lang='lat' dir='ltr'><strong>inhujus</strong></span> <span class='ocrx_word' id='word_1_303' title='bbox 440 4148 666 4211; x_wconf 83' lang='lat' dir='ltr'><strong>dissertationis</strong></span> <span class='ocrx_word' id='word_1_304' title='bbox 690 4149 750 4226; x_wconf 76' lang='lat' dir='ltr'><strong>§.L</strong></span> <span class='ocrx_word' id='word_1_305' title='bbox 763 4151 913 4229; x_wconf 77' lang='lat' dir='ltr'><strong>leguntur.</strong></span> 
     </span>
     <span class='ocr_line' id='line_1_39' title="bbox 61 4232 1146 4320; baseline 0.007 -22"><span class='ocrx_word' id='word_1_306' title='bbox 61 4241 84 4298; x_wconf 76' lang='grc'><strong>’-.’</strong></span> <span class='ocrx_word' id='word_1_307' title='bbox 124 4232 162 4308; x_wconf 81' lang='lat'><strong>¹⁷)</strong></span> <span class='ocrx_word' id='word_1_308' title='bbox 181 4239 244 4316; x_wconf 54' lang='grc' dir='ltr'><strong>μ.</strong></span> <span class='ocrx_word' id='word_1_309' title='bbox 256 4240 284 4301; x_wconf 83' lang='lat' dir='ltr'><strong>J.</strong></span> <span class='ocrx_word' id='word_1_310' title='bbox 298 4242 378 4320; x_wconf 82' lang='lat' dir='ltr'><strong>quib.</strong></span> <span class='ocrx_word' id='word_1_311' title='bbox 389 4239 478 4302; x_wconf 82' lang='lat' dir='ltr'><strong>alien.</strong></span> <span class='ocrx_word' id='word_1_312' title='bbox 488 4240 538 4302; x_wconf 86' lang='lat' dir='ltr'><strong>iic.</strong></span> <span class='ocrx_word' id='word_1_313' title='bbox 552 4239 593 4315; x_wconf 68' lang='lat'><strong>(2.</strong></span> <span class='ocrx_word' id='word_1_314' title='bbox 603 4239 654 4315; x_wconf 89' lang='grc'><strong>8.).</strong></span> <span class='ocrx_word' id='word_1_315' title='bbox 674 4241 694 4302; x_wconf 92' lang='grc' dir='ltr'><strong>Ι.</strong></span> <span class='ocrx_word' id='word_1_316' title='bbox 709 4239 751 4302; x_wconf 82' lang='grc'><strong>14.</strong></span> <span class='ocrx_word' id='word_1_317' title='bbox 763 4241 789 4319; x_wconf 67' lang='lat' dir='ltr'><strong>b.</strong></span> <span class='ocrx_word' id='word_1_318' title='bbox 798 4241 826 4304; x_wconf 84' lang='lat'><strong>8.</strong></span> <span class='ocrx_word' id='word_1_319' title='bbox 846 4243 886 4304; x_wconf 90' lang='lat' dir='ltr'><strong>de</strong></span> <span class='ocrx_word' id='word_1_320' title='bbox 908 4243 1011 4313; x_wconf 70' lang='lat' dir='ltr'><strong>ratolt</strong></span> <span class='ocrx_word' id='word_1_321' title='bbox 1024 4245 1146 4320; x_wconf 67' lang='lat' dir='ltr'><strong>(toa).</strong></span> 
     </span>
    </p>
   </div>
   <div class='ocr_carea' id='block_1_11' title="bbox 0 0 1442 4976">
    <p class='ocr_par' dir='ltr' id='par_1_11' title="bbox 0 0 1442 4976">
     <span class='ocr_line' id='line_1_40' title="bbox 0 0 1442 4976; baseline 0 0"><span class='ocrx_word' id='word_1_322' title='bbox 0 0 1442 4976; x_wconf 95' lang='lat' dir='ltr'><strong> </strong></span> 
     </span>
    </p>
   </div>
  </div>
 </body>
</html>
