2864 4976
523 343 774 420 *28*

74 539 244 624 cupletior
259 540 383 622 lactus.
418 543 600 614 lix'alteru
619 565 701 614 vero
724 565 820 633 par-,te
838 553 994 641 pupiilmu
1015 557 1210 641 locupletio-

73 665 150 709 rem
172 663 238 709 non
259 641 383 708 iactum
404 649 599 716 naturaliter
622 651 774 735 obligari,
799 653 971 736 permultis
984 655 1210 727 Rauranorutu

75 745 224 808 lotorum
237 743 371 826 dictis⁶l
397 747 517 828 partim
526 751 702 832 expressis
720 753 980 836 verbis-partim
996 759 1046 836 ad
1069 759 1209 828 effectus

74 845 284 930 agnoscitur.
333 844 406 910 Huc
427 849 579 926 accedit,
609 852 697 934 quod
726 853 890 936 ejusmodi
914 854 1208 944 distinctimoue·

75 947 141 1012 lem
158 946 351 1032 Cujacius
373 947 529 1012 Neratii
551 961 584 1015 et
606 950 754 1018 Licinii
776 953 1036 1024 Ruliniverbis
1052 960 1207 1044 subjecit,

77 1071 122 1114 ue
149 1049 258 1114 obiter
285 1048 418 1132 quidem
445 1049 477 1112 iu
507 1051 546 1118 iis
580 1063 706 1116 attacta
732 1055 792 1132 sit,
822 1057 868 1118 ita
888 1068 942 1140 ut,
973 1061 1062 1142 quod
1093 1063 1206 1144 opina·

76 1165 132 1218 tus
153 1165 208 1214 est
225 1149 280 1214 hic
303 1151 410 1227 ictus,
441 1153 574 1233 probari
592 1153 690 1218 nullo
712 1157 810 1219 niodo
833 1159 948 1240 possit.
997 1159 1072 1232 Quo
1100 1163 1206 1246 {uagis

78 1256 193 1319 mirum
210 1253 453 1335 videturesse,
474 1255 563 1337 quod
584 1275 625 1318 cx
648 1257 773 1328 nostris
789 1257 996 1342 jurisperitis
1020 1241 1204 1344 Puchtu⁶l
1267 1325 1269 1328 ,

77 1356 152 1440 ejus
168 1353 366 1418 seutentiam
381 1352 530 1434 probans
548 1354 731 1420 naturalem
749 1356 945 1442 pupillorum
969 1357 1204 1442 obligationem

75 1458 189 1540 utique
219 1466 500 1537 regenerante
524 1475 565 1520 eo
597 1477 692 1534 casu,
715 1459 746 1520 in
771 1479 837 1541 quo
859 1458 1100 1542 locupletiores
1122 1459 1204 1527 facti

73 1568 161 1624 sunt.
200 1555 278 1624 ,sed
305 1555 416 1636 aptius
446 1555 701 1640 videturesse,
735 1570 770 1622 ut
803 1557 973 1624 Puchtai
1003 1561 1202 1626 seutentiam

72 1657 160 1722 iufra
188 1665 359 1744 tractem’,¹
376 1674 473 1738 qurum
505 1655 582 1738 quid
612 1658 715 1720 ceteri
743 1659 939 1722 recentioris
963 1661 1123 1742 temporis
1144 1660 1203 1724 loti

71 1757 261 1844 cogitarim,
276 1753 472 1830 referant).
918 1837 920 1840 Ι

155 1859 283 1922 Verum
303 1855 419 1928 etiem,
441 1857 531 1939 quod
553 1854 744 1922 Donellus
769 1857 810 1920 de
833 1857 976 1923 naturali
994 1860 1201 1943 impuberum

69 1960 273 2050 obligatione
294 1956 478 2050 proposuit,
497 1957 743 2039 reprobandum
758 1959 890 2022 videtur
903 1979 990 2026 esse.
1023 1961 1199 2048 Nunquam

68 2064 154 2127 enim
173 2060 267 2142 leges
289 2059 375 2120 inter
396 2055 555 2140 infantiae
578 2067 610 2120 et
624 2057 794 2140 pubertati
810 2059 980 2140 proximos
996 2061 1199 2141 discernunt,

67 2163 132 2231 uisi
152 2175 253 2244 qurum
276 2157 458 2241 quaet-itur,
479 2167 588 2222 utrum
609 2155 753 2240 pupillus
776 2156 842 2221 doli
863 2177 977 2240 capax
998 2161 1061 2240 sit,
1090 2172 1197 2223 utrum

68 2263 236 2336 delictum,
258 2258 347 2343 quod
360 2256 534 2332 commisit,
559 2257 589 2319 ei
611 2257 763 2338 imputari
784 2258 902 2338 possit,
924 2278 989 2320 uec
1002 2258 1095 2340 μεθ).
1127 2259 1197 2324 An*

69 2363 250 2448 tiquissinro
273 2357 406 2443 quidem
425 2357 505 2440 jure
527 2355 593 2418 hoc
614 2357 793 2432 discrimen
822 2355 946 2422 factum
969 2378 1066 2441 esse,
1094 2360 1139 2423 ita
1161 2372 1197 2424 ut

66 2474 193 2532 tentum
214 2459 379 2544 pubertati
400 2459 572 2540 proximus
594 2456 738 2540 pupillus
760 2458 832 2520 siue
856 2470 963 2525 tutore
986 2471 1079 2536 recte
1096 2459 1195 2522 alium

65 2568 128 2634 sibi
140 2565 290 2646 obligare
303 2559 458 2644 potuerit,
478 2557 638 2626 infantiae
661 2571 772 2622 autem
793 2562 967 2643 proximus
986 2582 1052 2626 nou
1075 2571 1195 2644 potue·

64 2672 120 2746 rit,-
135 2667 266 2733 minime
288 2682 393 2750 nego,
424 2681 539 2726 verum
562 2660 708 2724 utilitatis
733 2679 838 2725 causa
861 2662 1088 2746 benigniorem
1106 2658 1193 2742 juris

62 2766 370 2852 interpretationem
383 2774 552 2844 receptam
568 2781 656 2844 esse,
672 2747 745 2843 ipse
756 2759 776 2824 J
784 2762 960 2824 ustinian
971 2758 1054 2841 usi)
1076 2757 1193 2834 refert,

61 2885 97 2935 ut
114 2871 203 2933 idem
220 2867 308 2951 juris
329 2863 475 2928 babeant
497 2863 637 2946 proximi
660 2861 831 2938 infantiae,
854 2861 943 2946 quod
967 2860 1108 2943 proximi
1129 2881 1190 2944 pu·

62 2971 194 3035 bertati.
239 2968 275 3033 Si
301 2967 417 3048 igitur,
452 2984 517 3046 quo
543 2974 694 3044 tempore
726 2962 914 3025 Neratius
946 2974 979 3025 et
1012 2959 1192 3024 Licinius

61 3069 235 3136 Rufinus
247 3068 469 3152 scripserunt,
482 3064 592 3128 adhuc
604 3065 765 3148 ejusmodi
778 3063 959 3126 discrimen
972 3062 1097 3126 factum
1110 3083 1189 3128 esse

61 3165 326 3235 concederemus
349 3177 381 3228 et
403 3163 477 3228 illus
492 3155 710 3249 jurisperitos
729 3175 854 3226 tutatum
878 3163 919 3226 de
941 3160 1121 3226 infantibus
1144 3165 1190 3224 iu·

59 3271 253 3352 fantiaeque
276 3265 435 3350 proximis
459 3265 596 3341 dixisse,
617 3288 657 3328 ue
681 3277 800 3348 tratura
823 3265 955 3348 quidem
979 3285 1039 3328 ecs
1055 3260 1190 3339 debere,

57 3383 168 3434 tamen
191 3369 224 3430 iu
242 3367 321 3451 jure
342 3365 549 3428 .lustiuianeo
578 3365 844 3428 tulis'distinctio
865 3383 1032 3446 expresse
1055 3375 1108 3428 est
1129 3385 1183 3426 re—

59 3482 195 3539 cusata,
214 3469 257 3530 ita
277 3475 322 3543 ut,
345 3467 373 3529 si
396 3483 418 3527 a
439 3461 713 3545 compilatoribus
735 3463 925 3548 fragmenta
946 3464 1085 3544 recepte
1108 3481 1186 3525 esse

55 3573 267 3586 *u

134 3619 160 3693 5)
181 3617 257 3676 lib.
275 3617 303 3694 6.
315 3615 344 3676 l.
363 3613 482 3694 quando
501 3611 569 3673 dies
589 3613 649 3691 leg.
665 3611 723 3687 (36.
737 3611 790 3688 2.).
813 3611 830 3672 Ι.
842 3607 868 3670 3.
885 3606 945 3688 §.d
966 3609 1005 3672 de
1023 3631 1091 3690 neg.
1106 3617 1186 3690 gest.

56 3711 97 3786 (3.
110 3712 162 3785 6.).
182 3709 202 3770 Ι.
213 3709 259 3770 95.
279 3701 339 3785 (οἳ.
359 3707 397 3767 de
412 3703 638 3794 5616666163.)
658 3709 715 3764 etc.
735 3703 845 3781 quibus
865 3700 904 3762 de
925 3697 1044 3782 legibus
1065 3704 1188 3764 uberius

54 3804 132 3864 inira
152 3801 177 3880 b
191 3791 236 3860 ll.
254 3796 432 3858 disseretur.
483 3867 490 3875 Δ
609 3839 611 3844 .

130 3897 156 3970 ⁶)
178 3891 356 3954 Pandecten
379 3883 483 3968 §.tet
498 3895 558 3948 not.
571 3889 599 3946 b.
627 3887 838 3966 Vorlesungen
859 3885 962 3948 Ball.
979 3886 1060 3964 pli.

129 3987 157 4152 :l
179 3976 330 4150 3110313333.
343 4066 382 4132 de
396 4063 466 4131 dolo
482 4073 560 4150 malo
574 4071 613 4144 (t.
623 4067 675 4147 3.).
698 4071 714 4129 Ι.
727 4070 754 4128 d.
770 4069 850 4148 §.td
865 4063 903 4128 de
919 4061 978 4130 doli
995 4067 1113 4152 excepi.
1127 4068 1185 4145 (44.

55 4169 104 4243 4.).
131 4167 149 4228 l.
163 4157 216 4227 lli
234 4157 322 4226 deli.
336 4160 367 4226 J.
385 4155 445 4238 (5'0.
457 4159 530 4240 17.).·

133 4260 158 4332 ς)
180 4259 204 4336 6.
212 4258 240 4318 9.
254 4259 284 4319 l.
297 4258 336 4320 de
350 4257 443 4320 inutil.
458 4257 564 4336 stipul.
577 4255 616 4332 (3.
630 4254 698 4331 la).
