2864 4976
487 372 719 446 ,,,9-

41 582 153 636 utrum
176 574 371 640 naturaliter
392 575 435 639 sit
456 573 633 658 obligatus,
655 591 700 636 an
721 573 853 636 omrrino
868 569 954 636 nulla
976 591 1019 636 ex
1039 583 1172 638 contra·

43 672 154 738 ctibus
173 674 252 760 ‘ejus
275 675 416 740 exsistat
437 673 605 758 obligatio,
625 671 690 737 hoc
712 683 775 750 cst,
797 673 885 756 quod
908 671 1087 756 quaeritur.

560 959 597 1056 §-
616 959 650 1032 a.

130 1193 291 1266 Quaestio
314 1193 411 1274 igitur
431 1204 494 1278 est,
517 1213 559 1256 an
572 1191 766 1257 naturaliter
785 1193 828 1256 sit
839 1191 1004 1276 obligatus
1017 1195 1169 1280 pupillus.

39 1294 118 1357 Sed
143 1293 292 1378 quidest
320 1295 523 1360 naturalis
552 1291 773 1377 obligatio?
816 1293 911 1358 Hauc
938 1303 973 1358 ot
998 1295 1091 1360 brevi
1112 1298 1169 1361 ‹le-

38 1392 174 1476 finiam,
198 1406 273 1458 ante
296 1397 405 1460 omnia
430 1396 562 1459 videtur
584 1413 671 1478 opus
697 1411 788 1460 esse.

130 1493 383 1577 lnspicientibas
405 1497 503 1560 nobis
520 1497 579 1579 jus
600 1495 786 1558 Romanum
813 1493 976 1575 privatum
998 1493 1064 1556 duo
1085 1495 1168 1578 prin·

38 1593 133 1676 cipia
156 1605 356 1677 occurrunt,
392 1615 477 1679 quae
506 1595 636 1657 maxitni
664 1595 818 1657 momenti
846 1585 953 1657 luisse
975 1605 1107 1659 constat
1128 1595 1172 1659 atl

39 1693 272 1782 excolendum
287 1694 346 1778 jus
374 1705 473 1778 atque
501 1693 778 1770 confirmandum,
809 1695 879 1777 jus
912 1693 997 1758 anim
1028 1695 1168 1777 civile,

37 1795 61 1861 i.
89 1813 117 1858 c.
136 1795 195 1880 jus
219 1794 388 1878 proprium
407 1794 644 1872 Romanorum,
665 1792 838 1858 fundatum
859 1795 1020 1877 imprimis
1040 1796 1170 1881 legibus

36 1895 117 1959 Xll.
138 1891 341 1970 tabularuml
365 1907 533 1960 strenuam
555 1915 596 1958 ac
614 1913 768 1959 severam
793 1894 939 1958 indolem
960 1913 1041 1978 prae
1064 1917 1103 1961 se
1122 1896 1170 1963 le·

35 2015 136 2080 rena,
159 2005 193 2059 et
209 1996 282 2080 jus
304 1996 483 2078 gentium
505 2015 567 2059 seo
587 1993 791 2072 naturale,
814 1995 833 2058 i.
856 2013 886 2058 e.
903 1995 961 2080 jus
980 2007 1169 2062 exterarum

36 2097 225 2171 nationum,
246 2097 334 2180 qaod
347 2096 489 2160 Romani
501 2097 533 2159 in
549 2095 749 2160 commercio
768 2115 842 2158 cum
854 2096 894 2159 iis
908 2101 1170 2181 cognoscebant,

34 2197 211 2279 aequitate
234 2205 267 2259 et
288 2196 430 2260 naturali
452 2198 581 2260 ratione
597 2196 704 2278 magis
726 2195 927 2273 consistens,
949 2217 1046 2280 quam
1068 2202 1172 2266 stricti

28 2297 128 2383 juris
150 2297 321 2379 principiis
334 2299 374 2375 ¹).

129 2393 226 2458 'Huc
260 2403 413 2476 spectat,
444 2393 532 2477 quod
562 2393 702 2456 interest
728 2392 814 2456 inter
836 2393 1011 2458 dominium
1034 2415 1076 2460 ex
1090 2400 1169 2484 jure

39 2495 220 2570 Quiritium
243 2504 277 2557 et
300 2493 506 2572 bonitarium,
529 2505 564 2557 ut
585 2494 688 2578 ajunt,
709 2494 795 2557 inter·
817 2493 1033 2560 hereditatem
1055 2509 1089 2561 et
1109 2500 1169 2566 bo·

37 2615 161 2661 norum
196 2593 463 2678 possessionem,
505 2593 592 2658 inter
628 2592 773 2676 legatam
805 2605 837 2658 et
864 2595 1168 2678 fideicommissum,

37 2701 129 2762 inter
149 2695 360 2782 agnationem
385 2704 419 2757 et
443 2695 692 2776 cognationem,
720 2694 805 2759 inter
826 2696 1067 2759 matrimonium
1086 2698 1169 2782 juris

38 2882 253 2898 Μ

119 3000 145 3073 ¹)
168 2997 236 3058 lloc
255 2993 346 3055 modo
373 3013 472 3074 paene
491 3011 600 3052 omnes
619 2997 741 3052 veteres
760 2991 814 3053 loli
830 2993 885 3072 jus
904 2988 1105 3058 Romauomm
1125 3000 1167 3059 di·

39 3093 157 3161 vidunt,
177 3091 342 3171 praecipue
366 3086 485 3165 Gajus
508 3083 546 3164 [Ι.
562 3083 710 3146 1.et.t.c.
726 3086 765 3146 de
779 3085 808 3144 J.
819 3085 889 3146 etl.
903 3085 941 3161 (l.
954 3086 1008 3166 1)].
1030 3092 1167 3166 quamvis

40 3184 226 3264 Ulpianus
255 3180 300 3260 [ll.
313 3180 338 3240 l.
351 3179 378 3238 l.
392 3177 420 3239 6.
437 3177 476 3237 de
491 3177 520 3236 J.
537 3183 569 3237 et
581 3177 607 3238 J.
627 3177 665 3253 (l.
681 3177 749 3258 l.)],
777 3197 865 3256 quem
905 3178 1167 3259 Tryphoniuus

39 3275 180 3353 sequitur
200 3271 233 3353 [l.
247 3273 294 3334 64.
306 3271 345 3331 de
357 3269 445 3332 cond.
461 3269 562 3330 indeb.
576 3268 634 3344 (tt.
645 3266 700 3348 b)],
722 3271 901 3349 tripertitum
922 3291 1011 3331 omne
1021 3275 1073 3354 jus
1092 3293 1167 3336 ease

40 3369 135 3436 dicat,
155 3372 278 3444 praeter
296 3365 349 3444 jus
369 3364 456 3424 civile
478 3367 510 3421 et
524 3363 578 3442 jus
601 3363 735 3438 gentium
755 3364 873 3422 tertium
884 3363 964 3440 juris
979 3365 1167 3444 principium,

35 3463 103 3540 Jus
132 3454 319 3522 naturale,
341 3455 360 3512 i.
380 3473 408 3522 e,
430 3452 510 3530 quod
524 3457 631 3512 tratura
646 3454 745 3514 omnia
755 3453 894 3514 animalia
908 3454 1020 3521 (locuit,
1039 3472 1168 3528 ponens,

39 3570 124 3630 quae
148 3549 266 3628 partitio
287 3546 367 3606 baud
389 3565 456 3606 raro
480 3567 499 3606 a
520 3544 693 3606 doctoribus
713 3547 841 3625 probata
862 3551 919 3603 est.
958 3544 1168 3622 sagacissime

38 3663 114 3704 vero
137 3639 316 3700 Savinius
338 3639 475 3717 (System
492 3636 768 3714 lid.l.lieilagel.)
797 3642 828 3696 et
851 3654 941 3696 omne
968 3635 1089 3698 dubium
1118 3661 1167 3702 re·

39 3737 163 3801 intans,
186 3733 446 3792 consentientibus
468 3731 607 3791 omnibus
627 3729 846 3790 recentioribus
858 3727 941 3798 lctis,
956 3731 1010 3810 jus
1031 3737 1166 3796 naturale

38 3827 123 3886 idem
146 3843 219 3884 esse
239 3823 474 3890 demonstravit,
495 3820 577 3898 quod
593 3823 646 3899 jus
667 3821 798 3897 gentium
823 3826 855 3882 et
875 3820 1030 3902 Ulpiani
1052 3827 1081 3882 in
1101 3832 1166 3886 tres

39 3925 150 3997 partes
178 3916 357 3977 divisionem
393 3914 589 3975 subtilitatem
629 3932 703 3974 esse
736 3920 767 3974 et
798 3913 973 3975 dialecticus
1003 3917 1091 3990 quasi
1123 3919 1165 3979 lu·

40 4011 110 4070 (lus.
151 4008 200 4068 De
223 4009 292 4088 jure
319 4008 452 4084 gentium
481 4004 519 4065 cl.
538 4005 705 4084 praecipue
728 4003 888 4073 Pucbta‚
931 4005 1164 4075 Gewobnheits.

40 4101 128 4161 recht
142 4099 166 4160 l.
187 4119 216 4179 p.
228 4099 274 4158 ll.
287 4115 358 4176 sqq.
393 4097 560 4176 ejusdem
595 4093 709 4156 Cursus
744 4095 799 4156 der
831 4094 1045 4160 Institutionen
1070 4101 1163 4172 Bul.

40 4189 673 4273 3.Auil.p.35l.sqq.Savigny,System
687 4185 965 4268 Bd.l.p.109.lsqq.
985 4190 1165 4269 Dirlrsen,

40 4281 249 4348 Rbeinisclres
269 4283 409 4344 Museum
426 4280 449 4342 l.
462 4302 490 4360 p.
503 4281 531 4342 1.
544 4299 612 4359 sqq.
