2864 4976
671 357 919 432 ..52-

310 563 430 630 Nonne
460 563 549 628 haee
571 564 675 627 verba
699 562 824 627 directe
848 562 983 624 obstant
1006 569 1039 624 et
1061 559 1273 626 novationem
1299 581 1370 644 per

228 662 386 746 pupillum
426 660 549 726 saetam
593 664 726 728 inanem
767 673 867 746 atque
910 658 1054 724 inutilem
1100 679 1178 723 esse
1220 659 1369 726 dieunt?

228 764 354 830 Omnes
391 763 521 848 quidem
557 762 635 838 loti,
668 761 722 847 qui
756 773 871 826 nostra
906 761 947 824 de
980 760 1177 844 quaestione
1212 761 1368 844 seripse-

229 876 320 938 runt,
356 863 422 928 boe
456 861 677 943 fragmentum
706 863 805 944 plane
834 860 1045 944 negligentes
1088 879 1213 923 novare
1253 883 1367 943 possa

227 964 385 1047 pupillum
397 965 546 1026 extranei
569 960 802 1046 obligationem
820 961 1015 1023 auctoribus
1028 956 1090 1022 illis
1101 958 1156 1022 Ga
1157 960 1209 1044 ji,
1231 960 1253 1023 J
1261 964 1366 1026 usti·

227 1066 355 1140 niani,
377 1062 538 1144 Ulpiani
564 1063 660 1126 dietis
683 1073 901 1144 agnoverunt,
926 1062 987 1125 sed
1001 1059 1135 1122 multum
1150 1061 1258 1143 abest,
1277 1061 1365 1146 quin

227 1164 379 1248 equidem
403 1163 446 1226 ob
470 1162 584 1226 Pauli
606 1164 710 1227 verba
731 1161 831 1224 allata
852 1181 983 1249 negem,
1008 1158 1366 1243 pupillum-novatione

227 1263 326 1326 alium
351 1261 493 1325 liberare
521 1284 625 1346 posse
647 1264 689 1326 ab
713 1260 935 1344 obligatione,
958 1282 1034 1324 nam
1061 1259 1159 1324 facile
1186 1262 1365 1327 conciliari

228 1363 381 1426 videntur
395 1381 468 1424 eum
484 1364 579 1426 dietis
592 1374 778 1427 ceterorum
789 1363 932 1426 lotorum
948 1374 981 1425 et
996 1363 1208 1444 imperatoris
1220 1361 1240 1424 J
1247 1366 1335 1426 usti
1348 1399 1362 1412 ·

228 1463 351 1527 niani.
400 1461 549 1526 Paulus
573 1465 658 1526 anim
683 1464 795 1526 verbis
819 1463 929 1526 allatis
952 1463 1030 1526 nihil
1053 1465 1141 1529 aliud
1166 1467 1278 1530 dicare
1299 1488 1363 1530 vo·

227 1561 303 1637 luit,
338 1580 434 1644 quam
465 1563 642 1647 pupillum,
673 1565 728 1646 qni
763 1563 834 1624 sine
866 1564 982 1626 tutoris
1006 1567 1204 1630 auctoritate
1225 1569 1364 1632 novarit

226 1663 459 1745 obligationem
484 1666 646 1745 extranei,
674 1684 752 1726 sese
774 1663 880 1744 ipsum
905 1684 971 1726 non
995 1665 1114 1728 eodem
1137 1687 1211 1730 enm
1236 1665 1361 1731 effectu

226 1783 329 1849 posse
351 1761 511 1846 obligare,
535 1783 599 1848 quo
619 1765 660 1838 is,
684 1763 780 1846 eujus
803 1762 1037 1845 obligationem
1060 1767 1244 1843 novaverit,
1271 1767 1364 1829 obli·

225 1877 324 1950 gatus
341 1863 413 1940 luit,
433 1884 541 1946 neque
555 1882 681 1944 negare
696 1862 810 1938 voluit,
834 1860 991 1946 pupillum
1010 1868 1166 1930 novando
1187 1887 1261 1930 eum
1274 1866 1364 1931 libe.

225 1987 314 2049 rare,
332 1966 429 2050 cujus
452 1959 663 2044 obligationis
684 1965 895 2026 novationem
919 1962 1006 2030 feeit.
1036 1967 1258 2030 Hunoverum
1274 1986 1363 2030 esse

225 2086 362 2134 sensum
395 2064 572 2127 verborum
603 2063 713 2127 Pauli
746 2084 786 2126 eo
819 2065 924 2148 tnagis
957 2078 1111 2148 apparet,
1145 2086 1242 2149 quum
1264 2067 1361 2130 ratio

134 2153 137 2158 ¹
225 2166 364 2234 inveniri
388 2185 453 2228 non
477 2165 594 2247 possit,
616 2187 676 2227 eur
700 2163 866 2237 Paulus,
892 2167 945 2250 qui
970 2165 1124 2249 pupillum
1148 2166 1219 2228 sine
1240 2175 1361 2230 tutore

225 2265 476 2332 contrahentem
500 2265 694 2328 naturaliter
716 2265 857 2348 obligari
880 2269 1094 2348 agnoscite),
1117 2267 1360 2330 exnovatione

210 2355 297 2432 veum
321 2365 515 2429 naturaliter
543 2367 684 2448 obligari
716 2377 749 2428 et
778 2367 864 2432 bane
886 2368 927 2430 ob
950 2388 1084 2432 eausam
1107 2367 1246 2431 alterum
1272 2366 1358 2431 libe·

224 2487 301 2532 rare
321 2467 504 2547 negaverit.

305 2565 626 2629 abominatum
650 2566 800 2630 adbiberi
825 2579 936 2650 potest
959 2569 990 2630 in
1014 2567 1128 2651 pupilli
1151 2567 1357 2653 obligatione

225 2668 409 2752 etquidem
433 2686 494 2749 per
519 2667 626 2748 ipsnm
659 2667 816 2750 pupillum
848 2670 965 2730 tutoris
989 2671 1186 2732 auctoritate
1207 2669 1357 2751 interpo-

223 2770 338 2852 sitae)
362 2768 650 2850 (constitutum
674 2769 797 2830 debiti
823 2769 1021 2851 proprii),
1048 2790 1190 2854 namque
1211 2789 1277 2832 non
1300 2782 1358 2834 est

223 2868 369 2943 donatio,
392 2879 427 2927 ut
448 2868 494 2930 ait
513 2867 776 2950 Ulpiauns2⁵),
798 2871 860 2932 sed
883 2868 983 2932 debiti
1002 2869 1128 2948 solutio,
1150 2871 1179 2932 si
1195 2868 1356 2953 pupillus,

223 2968 311 3053 quod
333 2966 406 3030 sine
431 2967 548 3030 tutoris
569 2969 765 3031 auctoritate
789 2970 919 3048 debuit,
944 2983 1061 3054 postea
1083 2981 1191 3040 tutore
1212 2982 1355 3034 auctore

221 3067 383 3152 promisit,
397 3077 429 3127 et
444 3088 504 3149 per
517 3078 711 3130 extraneum
735 3070 1027 3150 (coristitutum
1045 3071 1169 3134 debiti
1189 3071 1351 3155 alieni),

221 3167 351 3230 Eodem.
379 3166 464 3227 enim
497 3167 614 3242 modo,
646 3190 710 3251 qno
739 3191 800 3250 pro
830 3169 945 3252 pupilli
974 3169 1117 3233 naturali
1148 3169 1354 3254 obligatione

221 3266 394 3351 fidejuberi
424 3277 552 3348 potest,
576 3269 674 3330 etiam
697 3270 870 3333 dicendum
894 3282 957 3345 est,
981 3272 1137 3334 constitui
1161 3291 1264 3354 posse
1288 3295 1353 3356 per

221 3381 434 3441 extraneum,
465 3366 492 3428 si
520 3367 596 3448 qnid
628 3369 739 3452 pupilli
765 3371 916 3434 naturale
948 3371 1092 3434 debitum
1115 3382 1220 3450 extet,
1249 3395 1351 3457 quum

219 3467 468 3551 Ulpianns²⁶)
498 3467 641 3530 debitum
670 3470 720 3532 rel
750 3482 869 3533 natura
898 3470 1055 3535 suflirere
1079 3472 1122 3534 ad
1146 3473 1353 3538 constituen-

220 3571 295 3634 dum
319 3571 417 3632 dieat.

217 3723 414 3736 ,.,.....--.-

289 3823 337 3899 ‘2⁸)
353 3823 375 3902 l.
390 3821 436 3881 21.
449 3841 491 3900 pr.
504 3821 541 3881 ad
558 3822 577 3880 l.
593 3821 799 3900 toletana.)
816 3823 856 3904 [ξ.
873 3824 898 3884 l.
915 3831 974 3886 not.
983 3826 1033 3906 7.].

292 3915 334 3990 ²4)
358 3915 433 3974 Sina
454 3917 560 3974 tutoris
582 3918 761 3978 auctoritate
781 3921 860 3978 enim
881 3921 1034 4000 pupillus,
1054 3922 1134 3981 siout
1153 3922 1350 4002 stipulatione

215 4007 314 4068 aliave
325 4006 522 4068 contrahendi
531 4007 625 4068 lomna
634 3998 758 4090 obligari
769 4011 894 4072 civiliter
909 4017 1023 4091 nequit,
1034 4013 1075 4073 ita
1087 4016 1178 4075 etiam
1187 4003 1348 4095 pecuniam

209 4099 301 4185 juste
321 4102 507 4174 constituere
526 4119 585 4160 nou
604 4107 714 4180 potest.
748 4103 785 4162 el.
800 4104 817 4162 Ι.
833 4103 858 4162 l.
871 4103 895 4181 b.
905 4103 933 4165 2.
946 4105 985 4166 da
997 4125 1104 4185 paean.
1114 4113 1210 4166 oonst.
1221 4105 1280 4180 (13.
1292 4108 1346 4182 5.).

290 4189 334 4265 ²⁸)
354 4192 372 4250 l.
385 4192 427 4250 lll.
445 4192 505 4267 §.d
519 4193 557 4252 da
573 4192 811 4270 dorstadae.)
828 4195 868 4274 [β.
883 4195 910 4258 l.
925 4205 985 4257 not.
997 4197 1050 4275 nl.

290 4281 331 4356 ²⁶)
352 4281 370 4342 l.
384 4281 411 4342 1.
424 4284 449 4358 d.
459 4282 486 4342 7.
499 4284 538 4344 do
555 4306 662 4363 peeun.
678 4295 774 4348 const.
788 4288 845 4362 (13.
859 4289 909 4364 5.).
