2864 4976
679 345 964 452 ...50-·'

239 593 392 660 ctoritate
422 591 607 678 adjectum,
641 601 677 655 ut
709 591 902 658 discedatur
932 593 974 656 ab
1000 593 1169 676 emptione
1194 590 1258 659 rite
1285 611 1379 658 eoa-

239 704 363 774 tracta‚
389 693 422 757 id
444 690 583 757 efficere
603 693 726 771 debuit,
749 705 784 756 ut
806 693 948 776 perinde
974 705 1080 772 esset,
1102 714 1146 758 ac
1160 695 1191 758 si
1213 695 1256 760 ab
1276 693 1378 760 initio

239 795 313 864 sine
339 795 459 860 tutoris
486 797 683 858 auctoritate
705 795 841 858 emisset
866 793 1026 879 pupillus,
1050 793 1131 858 lue.
1155 795 1248 862 acsi
1275 793 1378 860 clau-

136 907 143 918 “
239 897 406 962 dicantem
431 896 630 980 emptionem
658 896 896 960 contraxisset.
927 894 1117 962 Seeuudum
1139 895 1378 960 l'uchtaum

238 998 337 1084 tgtae
363 1007 398 1062 ot
422 995 639 1060 Savinium
670 1007 750 1060 tunc
777 1008 836 1062 aut
858 1007 969 1064 ratum
992 997 1119 1064 habere
1142 998 1255 1066 debuit
1278 1006 1386 1062 tutor

238 1111 373 1184 pactum
386 1099 567 1184 adjectum,
594 1119 676 1184 ergo
693 1097 839 1182 priorem
860 1099 923 1164 rite
944 1109 1152 1168 contractem
1167 1099 1378 1183 emptionem

239 1201 473 1286 exstinguere,
510 1209 567 1262 aut
594 1199 786 1284 improbare
817 1210 971 1284 pactum,
1007 1221 1073 1284 quo
1103 1199 1228 1267 factum
1262 1212 1379 1280 esset,

239 1313 276 1366 ut
301 1302 425 1386 prioris
453 1301 629 1385 emptionis
657 1300 798 1366 effeetus
827 1311 944 1366 essent
969 1303 1122 1367 restituti.
1175 1301 1377 1366 Secundum

238 1411 499 1470 veronostram
533 1403 577 1465 de
602 1398 745 1488 negotiis
773 1401 1037 1468 claudicantibus
1063 1402 1267 1488 pupillorum
1295 1405 1374 1487 opi-

239 1507 384 1585 nionem,
399 1503 559 1590 ¹pupillus
572 1515 608 1570 ut
628 1504 696 1568 lma
718 1515 823 1588 paeto
836 1503 1047 1584 libereretur,
1070 1525 1158 1588 opus
1174 1516 1259 1582 erat,
1286 1526 1378 1570 ven-

241 1608 328 1671 ditor
353 1627 436 1672 vero
463 1627 543 1682 non,
565 1606 598 1670 h.
617 1627 645 1670 e.
672 1607 882 1670 utvenditur
906 1605 1021 1690 priore
1048 1617 1225 1675 contractu
1251 1617 1376 1686 staret,

239 1700 311 1772 rem
333 1707 499 1772 venditam
521 1706 619 1791 igitur
640 1709 801 1783 traderet,
827 1704 975 1792 pupillus
1001 1729 1096 1788 vcro,
1119 1710 1270 1792 quamvis
1298 1730 1376 1776 rent

219 1809 453 1899 accepisset,
485 1819 595 1874 tamen
628 1818 664 1872 ut
693 1809 835 1892 pretium
868 1807 1036 1889 solveret,
1073 1831 1141 1874 non
1176 1821 1376 1896 cogeretur.

240 1906 388 1974 Paulus
408 1925 491 1970 vero
514 1906 546 1968 in
570 1905 742 1970 decisione
764 1903 864 1970 allata
884 1906 943 1968 cir
963 1903 1066 1970 bonae
1084 1903 1164 1992 fidei
1180 1909 1377 1988 convenire,

239 2011 300 2087 ait,
330 2029 367 2070 eo
393 2014 488 2092 poeto
512 2006 611 2084 stari,
642 2005 729 2100 qaod
760 2005 859 2068 elteri
878 2008 1056 2092 captiosam
1076 2008 1137 2084 ait,
1168 2009 1247 2072 dicit
1270 2011 1378 2092 igitur

239 2108 389 2186 lctus,-in
403 2107 517 2192 priore
530 2106 626 2192 justa
643 2105 810 2188 emptione
822 2105 1127 2188 perserveraudum
1142 2127 1234 2184 esse,
1251 2128 1379 2192 quam-

239 2211 291 2276 vis
318 2211 403 2274 inter
427 2217 611 2292 emptorem
634 2216 667 2270 et
687 2207 896 2284 venditorem
923 2207 1131 2286 convenerit,
1153 2219 1189 2272 ut
1211 2209 1376 2278 disceda-

240 2323 294 2380 tur
319 2313 362 2374 ab
387 2310 567 2395 emptione,
591 2309 689 2395 cujrrs
711 2309 891 2374 decisionis
918 2309 1084 2376 rationem
1108 2311 1198 2374 addit
1221 2309 1373 2388 hancce,

146 2467 150 2476 .
240 2412 417 2498 captiosum
440 2431 518 2476 esse
536 2410 714 2488 venditori,
736 2411 765 2474 si
786 2409 853 2476 hoc
874 2421 1010 2494 pactum
1032 2413 1203 2496 probetur.
1232 2411 1373 2497 Captio-

240 2535 313 2594 pum
340 2531 424 2578 vero
451 2522 587 2594 paetum
613 2523 680 2575 tum
706 2521 832 2576 tantum
856 2511 885 2576 ei
911 2532 991 2578 esse
1017 2515 1142 2598 potuit,
1175 2535 1274 2598 quum
1301 2513 1374 2581 hoc

241 2638 284 2682 ec
312 2613 402 2682 effici
423 2624 599 2698 putamus,
633 2615 723 2696 quod
749 2613 1004 2678 Brandisius
1033 2626 1172 2694 censet,
1194 2625 1260 2680 tum
1282 2618 1373 2680 eninr

239 2717 393 2784 venditor
413 2716 493 2800 jura
520 2735 562 2777 ex
578 2714 692 2798 priore
714 2714 904 2779 venditione
924 2716 1078 2798 quaesita
1101 2718 1252 2782 amittere
1274 2718 1373 2782 vide-

239 2830 344 2897 retur,
370 2818 440 2880 suis
466 2815 722 2902 obligationibus
743 2813 834 2880 haud
847 2814 1020 2882 liberatus.
1048 2817 1124 2890 Quo
1143 2829 1252 2884 autem
1268 2822 1372 2886 modu

240 2919 429 3006 captiosum
456 2918 486 2984 ei
509 2937 589 2982 esse
610 2919 730 3000 potuit,
757 2919 785 2984 si
808 2920 898 3002 quod
923 2917 1085 2983 Puchta
1107 2929 1140 2983 et
1162 2920 1372 2987 Saviuius

239 3032 509 3108 proposuerunt,
542 3018 737 3102 sequimur?
776 3018 905 3092 Quodsi
941 3021 1027 3086 enim
1061 3031 1169 3086 ratum
1203 3021 1394 3088 habuerat·

238 3135 331 3190 tutor
349 3129 497 3204 pactum,
520 3130 555 3186 nt
579 3120 772 3186 discedatur
787 3123 829 3183 ab
846 3122 1025 3208 emptione,
1052 3121 1120 3189 hoc
1143 3124 1271 3188 minime
1295 3137 1373 3190 erat

240 3222 446 3308 captiosum,
475 3241 551 3286 nam
584 3221 658 3304 ipse
694 3233 901 3288 convenerat
927 3223 1194 3308 emptionemque
1222 3226 1372 3291 rescindi

238 3324 411 3398 volueram
443 3343 554 3406 neque
584 3323 689 3408 magis
721 3333 815 3388 esset
842 3324 870 3388 ei
900 3325 1105 3410 captiosum,
1142 3327 1172 3390 si
1198 3329 1373 3416 rejecerat

239 3439 377 3516 paetum
399 3434 508 3504 tutor,
537 3445 601 3508 quc
624 3423 691 3488 hoc
716 3425 825 3510 ipsum
849 3425 1061 3508 efficeretur,
1092 3429 1182 3512 quod
1211 3427 1288 3514 lege
1310 3431 1370 3497 cit.

240 3541 373 3595 cautum
396 3537 460 3606 est,
486 3547 528 3589 ne
555 3536 691 3610 pactum
718 3519 903 3609 captiosum
926 3530 978 3594 sit.
1013 3529 1141 3592 Neuter
1163 3534 1248 3596 enim
1264 3543 1370 3615 pacto

239 3630 455 3715 obligaretur,
482 3627 544 3693 sed
568 3640 662 3691 reete
690 3638 865 3692 contracta
892 3631 1013 3714 emptio
1040 3644 1237 3695 servaretur
1247 3621 1302 3713 ¹²).

247 3775 275 3795 ·.
323 3731 421 3808 Quae
443 3749 542 3812 quum
565 3730 611 3794 ita
635 3729 712 3808 siut,
740 3750 947 3800 comnrunem
974 3731 1164 3816 opinionem
1181 3735 1223 3800 de
1248 3743 1371 3802 natura

240 3846 276 3904 at
294 3831 406 3902 indole
433 3829 701 3910 claudicandum,
730 3851 818 3914 quae
834 3833 1000 3914 dicuntum,
1025 3837 1237 3921 negotiorum
1262 3835 1369 3922 impu·

236 3940 356 4004 esrom
380 3934 521 4000 laudare
544 3951 611 3998 uon
639 3953 790 4018 possum.

238 4151 447 4184 audi-dam

317 4316 357 4392 12)
376 4312 627 4378 attenuat-t.
642 4331 668 4374 c.
684 4311 863 4391 plteltt.
