2864 4976
519 405 768 481 ...13-

61 611 174 678 utar,
217 601 364 668 civiles
401 605 683 690 obligationes
721 623 797 675 sunt
837 614 927 691 „die
973 613 1197 698 klagbaren

66 702 418 786 Obligatiouen,“
438 709 609 772 naturales
634 711 729 788 „die
756 711 1011 797 klaglosen.“

162 803 234 868 Hac
255 807 352 868 mado
372 807 594 891 intelliguntur
617 813 718 875 verba
742 812 845 877 ciuilis
870 813 1024 902 obligatio
1046 828 1110 882 tam
1134 819 1198 884 ire·

62 918 229 989 quanter,
251 917 352 991 atque
368 919 434 972 tam
447 930 525 976 raro
538 911 734 977 adhibentur
743 933 848 980 voces
863 916 1029 979 naturalis
1040 915 1197 1007 obliquae,

61 1018 105 1070 ut
130 1007 276 1072 Romani
297 1008 356 1072 loti
378 1029 543 1094 persaepe
565 1013 705 1078 aetionis
726 1027 758 1078 et
779 1014 989 1100 obligationis
1013 1038 1099 1083 voce
1121 1041 1196 1100 pro·

62 1109 203 1174 miscue
236 1109 437 1193 ornatuum),
470 1123 505 1174 ut
531 1113 716 1178 naturalem
749 1116 981 1199 obligationem
1018 1141 1085 1184 non
1117 1140 1196 1186 esse

61 1209 309 1291 obligationem
335 1209 497 1289 dicant¹⁹)
524 1224 556 1274 et
582 1213 746 1297 ejusmodi
777 1217 974 1280 creditorem
1002 1239 1067 1282 non
1091 1221 1196 1285 credi-

61 1321 182 1374 torem
206 1321 238 1375 et
260 1311 441 1374 debitorem
465 1333 531 1376 nou
554 1335 667 1378 verum
692 1315 938 1398 debitoremrr).

160 1409 243 1474 Fere
272 1433 406 1496 semper
431 1436 529 1497 quum
557 1416 588 1478 in
607 1415 694 1499 juris
725 1416 870 1481 fontibus
891 1418 1052 1483 naturalis
1074 1418 1196 1504 obliga-

61 1510 174 1574 tionis
197 1513 318 1574 mentio
341 1511 393 1594 fit,
420 1512 507 1576 haec
530 1527 581 1576 est
604 1515 727 1579 auxilio
750 1517 891 1581 actionis
913 1539 1017 1602 egens
1040 1519 1195 1606 obligatio

61 1631 112 1674 ex
140 1609 218 1696 jure
245 1612 389 1694 gentium
417 1623 496 1676 nata
528 1626 560 1676 et
589 1615 620 1678 in
653 1627 770 1680 nostra
796 1639 928 1703 quoque
961 1620 1197 1703 disputatione,
1288 1648 1290 1653 ·

60 1731 171 1796 quum
195 1710 357 1774 naturalis
380 1711 587 1796 obligationis
611 1737 694 1778 voce
715 1717 851 1798 utimur,
874 1739 973 1803 quum
996 1733 1113 1786 nattrra
1135 1724 1195 1787 de-

58 1812 153 1875 bere
186 1811 345 1895 pupillum
384 1813 535 1890 dicimus,
572 1825 605 1878 at
636 1814 702 1880 hoc
739 1836 839 1882 seusu
874 1818 1011 1902 speciali
1033 1822 1194 1905 accipias,

60 1912 272 1995 petimus21).

154 2011 228 2077 Jam
248 2033 328 2076 vero
352 2013 394 2076 ad
418 2013 526 2096 ipsam
548 2015 774 2097 quaestionem
794 2027 1014 2082 transeamus.

148 2284 187 2356 18)
206 2281 253 2342 lta
281 2283 364 2342 verbi
395 2283 490 2360 gratia
524 2284 554 2340 ia
584 2283 673 2342 rubro
699 2285 745 2342 tit.
759 2284 798 2344 D.
828 2285 869 2345 de
898 2285 1136 2362 obligationibus
1165 2298 1196 2352 et

66 2375 254 2437 actionibus.
278 2373 354 2432 lbi.
371 2373 395 2450 b.
403 2372 429 2431 1.
444 2373 514 2436 eod..
533 2374 702 2436 creditores
722 2396 773 2436 eos
793 2379 936 2456 accipere
957 2378 1116 2452 alebamur,
1142 2385 1197 2462 pai

66 2469 209 2548 aliquam
234 2467 387 2526 actionem
407 2497 443 2510 -
465 2464 592 2526 babent.
614 2465 653 2524 el.
670 2464 739 2526 ild.
761 2466 800 2527 de
816 2467 851 2526 V.
866 2467 898 2526 S.
917 2467 1054 2546 (bodan.
1068 2473 1121 2534 t7.
1133 2474 1193 2552 Μ,

62 2561 107 2620 de
127 2560 237 2640 pactis.
252 2558 291 2630 (2.
301 2557 366 2632 14).
820 2607 823 2614 .

146 2653 184 2726 ¹⁹)
205 2649 256 2710 t.7.
271 2649 330 2727 §.ab
345 2650 494 2729 depactis
508 2649 631 2726 (alan
672 2651 737 2712 Sed
758 2671 848 2729 quum
869 2655 951 2714 nulla
964 2656 1075 2716 subest
1090 2676 1191 2728 causa,

61 2749 190 2828 propter
210 2743 440 2803 conventionem
461 2743 511 2802 hia
532 2749 652 2803 onustat
674 2765 731 2804 nou
752 2765 849 2824 posse
873 2747 1013 2806 constitui
1037 2747 1197 2826 obligatio·x

62 2858 146 2900 nem.
185 2835 286 2916 igitar
310 2834 398 2894 nuda
423 2837 532 2913 pactio
557 2835 792 2913 obligationem,
819 2855 884 2896 noa
908 2839 995 2916 parit
1026 2839 1083 2900 sed
1101 2843 1192 2920 parit

61 2930 289 3006 exceptionem.
1080 2979 1084 2993 .
1194 2981 1197 2991 .

140 3021 183 3096 2⁰)
203 3014 568 3092 t.10.deV.S.(50.16.):
591 3016 713 3087 Quadri
731 3026 843 3080 natura
862 3019 1019 3092 debeatur,
1038 3042 1102 3084 non
1120 3032 1198 3100 runt,

63 3116 138 3175 loco
157 3111 353 3174 creditorum.
392 3109 409 3167 1.
420 3106 484 3170 108.
494 3107 575 3168 eoa:
613 3107 749 3171 Debitor
765 3110 949 3189 intelligitur
967 3115 1003 3184 ir,
1022 3136 1042 3176 a
1062 3136 1124 3193 qao
1144 3119 1188 3178 in·

61 3209 127 3268 aito
140 3205 227 3282 enipi
233 3203 372 3282 pecnnia
378 3207 493 3280 potest.
521 3202 561 3260 cl.
576 3202 592 3260 Ι.
602 3200 665 3262 178.
678 3202 701 3280 b.
710 3201 737 3262 3.
749 3203 814 3262 eod.
828 3203 901 3262 tal.
915 3203 954 3264 de
964 3207 1061 3284 pecul.
1074 3208 1189 3285 (15.1).

61 3298 83 3357 l.
94 3297 140 3357 16.
153 3295 216 3374 Μ.
230 3294 269 3354 de
283 3293 455 3370 fidejussor.
471 3292 530 3368 (lb.
542 3293 597 3368 l.):
617 3323 664 3360 -,
683 3315 754 3354 nam
775 3294 848 3358 licet
865 3299 964 3358 minas
978 3302 1111 3378 proprie
1136 3301 1196 3364 des

62 3391 137 3451 bere
156 3389 303 3450 dicantar
320 3386 479 3446 namnetes
498 3386 669 3456 debitores,
693 3408 752 3465 per
773 3389 946 3450 abusionem
965 3392 1099 3468 intelligi
1113 3413 1188 3470 por·

61 3489 136 3544 snat
156 3481 321 3549 debitores,
354 3483 386 3538 et
406 3481 460 3558 qai
476 3477 514 3538 ab
533 3478 579 3540 bis
599 3482 766 3556 pecaniam
783 3483 954 3561 recipiant,
973 3481 1109 3542 debimm
1130 3483 1190 3546 sibi

59 3593 117 3634 rec
159 3591 225 3634 aare.

118 3592 181 3740 egl)
201 3665 379 3742 Nuperrime
399 3663 577 3726 Brinzius
598 3668 627 3724 iu
650 3663 876 3734 dissertatione,
897 3681 956 3740 qua
976 3663 1120 3728 Saviuii
1136 3666 1187 3746 jus

63 3758 279 3836 obligationum
300 3759 457 3836 eleganter
475 3763 568 3835 atque
584 3764 673 3823 acuta
690 3760 718 3817 in
731 3759 878 3838 judicium
889 3759 1187 3834 vocarit(Kritische

62 3851 183 3911 Blatter
214 3851 431 3912 cirilistisoheu
465 3849 599 3920 luhalts,
624 3849 991 3931 nr.3.Erlangen1853),
1021 3853 1186 3923 contendit,

61 3943 228 4004 naturalem
248 3943 461 4022 obligationem
482 3943 601 4002 omnino
622 3961 679 4000 non
697 3942 860 4004 cohaerere
879 3962 945 4002 cum
957 3943 1027 4021 jure
1045 3943 1187 4020 gentium.

61 4035 268 4112 Posteaquam
287 4033 425 4114 singulas
446 4034 591 4096 naturalis
611 4033 947 4112 obligationisspecies
969 4033 1186 4099 accuratodis·

64 4127 185 4207 quisirit
205 4127 246 4201 (in
267 4146 326 4206 quo
346 4126 406 4188 lroc
424 4128 590 4208 praecipue
611 4123 726 4196 effecit,
752 4145 790 4186 ex
809 4124 891 4188 nudo
913 4131 1002 4202 pacto
1022 4130 1197 4208 naturalem.

62 4221 274 4300 obligationem
295 4241 355 4282 non
375 4221 472 4296 oriri),
498 4218 662 4282 ostendere
680 4224 791 4288 tentat,
817 4219 871 4298 jos
890 4222 1038 4299 gentiam,
1068 4240 1106 4283 ex
1127 4240 1197 4299 qao,

60 4313 241 4374 Savinius
261 4312 424 4390 naturalem
446 4311 659 4388 obligbtiouarn
679 4309 817 4382 deducit,
837 4331 900 4372 nau
915 4331 991 4387 esse
1009 4313 1184 4393 positivam,
