2864 4976
687 359 929 436 -Μ,

408 567 541 653 Siquis
562 565 688 651 pupillo
711 565 851 632 solverit
872 565 945 630 siue
967 563 1088 630 tutoris
1110 567 1309 630 oumoritete
1325 565 1376 641 id,

409 669 499 753 qrrod
528 667 659 744 debuit,
704 687 814 752 exque
842 685 883 730 ee
913 663 1088 730 solutione*
1107 665 1304 750 locupletior
1325 665 1378 730 fe·

393 781 484 838 etue
510 768 555 832 eit
588 766 749 852 pupillus,
776 767 964 832 reetiueime
995 766 1114 830 dicitrrr
1141 767 1376 850 exceptionem

408 871 598 955 petentibus
632 889 775 944 nuceum
807 890 886 930 ιιιιιιι
914 875 947 930 et
975 869 1005 930 ei
1033 877 1185 930 ιιιιιιιιοιιι
1215 870 1377 953 occeperit

406 970 592 1056 pemeuiom,
614 969 667 1030 vel
686 991 729 1034 ex
750 991 812 1063 quo
835 967 899 1031 olio
921 976 1094 1030 contractu
1115 967 1305 1053 locupletior
1322 964 1374 1052 fo

410 1077 482 1132 ctu-t
502 1069 557 1146 sit,
579 1069 732 1132 dandum-
747 1090 817 1134 eeee
838 1069 1071 1154 exceptionem.

328 1171 484 1236 Paulus
509 1169 561 1234 lib.
577 1171 636 1234 Vl.
655 1170 697 1234 ad
721 1169 933 1247 Sabinorum

412 1269 539 1354 Pupillo
564 1269 649 1336 solvi
679 1271 751 1334 sine
780 1270 899 1334 tutoris
924 1269 1125 1334 auctoritate
1156 1289 1221 1332 nou
1255 1281 1374 1352 potest.

408 1373 477 1437 Sed
491 1391 555 1436 nec
565 1370 723 1454 delegare
736 1381 857 1452 potest,
870 1371 944 1455 quie
958 1389 1020 1432 uec
1032 1367 1180 1434 elicuere
1193 1368 1292 1434 ullum
1304 1390 1370 1433 rem

408 1483 540 1558 poteetr
563 1474 592 1538 si
614 1485 725 1538 tumen
737 1470 878 1538 solverit
899 1472 929 1536 ei
941 1472 1084 1548 debitor,
1108 1472 1279 1534 eteommi
1291 1470 1373 1534 salui

406 1576 493 1657 rint,
520 1581 682 1657 petentem
699 1569 860 1658 pupillum
885 1570 954 1635 doli
978 1570 1060 1640 muli
1078 1573 1268 1656 exceptione
1287 1570 1369 1635 debi-

410 1683 461 1738 tor
480 1671 697 1737 summovebit.
998 1705 1001 1714 ,

327 1771 566 1840 Marcianus
588 1773 645 1839 lib.
661 1773 717 1840 lv.
740 1773 1015 1860 Regulur·trm¹⁰):

408 1876 442 1940 lu
466 1875 603 1959 pupillo,
626 1875 679 1940 cui
701 1878 773 1941 siue
795 1879 913 1940 tutoris
936 1876 1136 1940 auctoritate
1156 1874 1300 1940 solutum
1313 1887 1368 1958 est,

408 1978 436 2042 si
460 1987 651 2060 quaeretur,
671 1997 739 2060 quo
762 1987 915 2060 tempore
936 1976 978 2040 eit
1001 1975 1211 2058 locupletior,
1232 1988 1366 2061 tempus,

407 2058 472 2162 qbo
501 2080 627 2162 egitur,
663 2078 853 2160 inspicitur3
889 2095 923 2141 et
955 2091 989 2142 ut
1022 2077 1179 2161 exceptio
1203 2077 1271 2141 doli
1300 2076 1366 2141 mali

406 2181 516 2264 positu
539 2182 568 2244 ei
591 2193 730 2256 noceat,
764 2194 910 2264 tempus,
942 2181 1157 2264 panagium,
1187 2193 1365 2263 spectetur.

325 2281 361 2346 ln
388 2285 539 2348 omnibus
568 2303 650 2346 vero
672 2281 725 2347 his
749 2282 879 2368 legibus
908 2281 1005 2365 longe
1037 2281 1124 2346 uliud
1158 2281 1282 2346 dictum
1310 2295 1365 2357 est,

242 2400 341 2464 quem
362 2385 450 2464 quod
483 2383 661 2448 Brendis
691 2383 874 2448 contendit.
904 2381 1033 2468 Gajus
1069 2383 1154 2446 enim
1175 2394 1212 2446 et
1247 2383 1364 2448 lusti·

241 2481 385 2546 nianus
406 2496 438 2546 et
462 2483 615 2548 Paulus
637 2484 668 2546 in
693 2483 713 2547 1,
732 2483 780 2548 15.
796 2485 837 2546 de
852 2483 962 2547 solutt.
976 2483 1159 2546 debitorem
1183 2485 1297 2568 ajunt,
1318 2485 1364 2569 qui

240 2583 314 2646 sine
338 2586 456 2648 tutoris
478 2585 678 2649 auctoritate
702 2585 827 2669 pupillo
851 2585 974 2670 aliquid
995 2585 1151 2662 solverit,
1178 2589 1223 2650 eb
1246 2588 1363 2670 obligo·
1414 2597 1415 2668 j

241 2683 332 2748 tione
353 2705 502 2750 sunnon
527 2677 660 2749 liberari
682 2697 715 2749 et
738 2683 895 2769 pupillum
920 2686 1061 2750 eandem
1084 2705 1246 2750 sucronem
1264 2687 1363 2750 denuo
1414 2691 1415 2712 ³

241 2795 357 2866 petere
379 2807 493 2867 posse.
536 2787 677 2853 'lentum
699 2789 728 2852 si
750 2789 872 2851 nummi
894 2787 1005 2853 adhuc
1025 2798 1139 2851 extent
1157 2800 1217 2852 eut
1230 2786 1363 2872 pupillus

242 2881 443 2965 locupletior
463 2911 505 2952 ex
525 2892 566 2954 iis
587 2893 645 2972 sit,
669 2889 825 2974 pupillum
849 2900 1016 2972 petentem
1040 2889 1107 2954 doli
1130 2891 1327 2972 exceptione
1346 2905 1362 2946 a
1413 2947 1414 2968 ι

136 3069 138 3075 Ι
242 2985 393 3052 debitore
423 2993 633 3056 summoveri.
688 2993 757 3056 Sed
788 2991 907 3076 quodsi
940 2989 1071 3054 debitor
1102 2987 1268 3055 solutione
1297 2992 1362 3054 sine
1413 2983 1414 3008 ³

242 3087 359 3151 tutoris
382 3091 582 3155 auctoritate
606 3091 698 3156 lecte
720 3113 785 3155 non
802 3091 973 3168 liberatur,
996 3112 1057 3155 cur
1072 3111 1115 3154 ex
1129 3091 1194 3156 hoc
1212 3093 1362 3176 sequitur,

243 3187 400 3265 debitori,
432 3191 564 3253 omnino
596 3194 816 3274 exceptiones
841 3193 872 3254 in
898 3197 1066 3274 petentem
1089 3192 1249 3275 pupillum
1272 3193 1362 3256 dene·
1412 3261 1413 3264 Ἴ

242 3300 340 3376 getes
363 3311 452 3369 esse3
473 3293 535 3354 uisi
558 3292 758 3376 locupletior
779 3293 891 3380 fuctus
913 3296 956 3358 sit
976 3292 1142 3376 pupillus?
1184 3293 1289 3358 Multo
1311 3290 1363 3354 mi·

240 3412 305 3458 nus
332 3391 412 3459 illud
435 3391 639 3456 Marciani
671 3395 807 3478 probat,
840 3397 929 3478 quod
964 3394 1140 3458 Brandis
1171 3393 1301 3476 probari
1324 3409 1362 3453 eo

240 3506 342 3579 putet.
387 3495 581 3580 Neruquum
603 3495 687 3580 ejus,
707 3495 794 3580 quod
817 3497 859 3558 ad
883 3494 1041 3580 pupillum
1062 3497 1226 3580 pervenit,
1249 3507 1282 3558 et
1303 3489 1363 3554 doli

240 3593 316 3658 meli
340 3597 563 3678 exceptionis,
596 3617 681 3682 quae
704 3597 844 3660 debitori
869 3598 900 3659 in
924 3595 1082 3680 pupillum
1103 3597 1281 3679 competit,
1312 3589 1359 3676 qul
1411 3599 1412 3642 l

241 3717 284 3761 ex
306 3694 472 3759 solutione
493 3699 621 3781 absque
651 3709 760 3762 tutore
792 3695 883 3760 facta
910 3697 1110 3780 locupletior
1138 3699 1200 3774 sit,
1240 3699 1273 3760 in
1303 3710 1359 3758 uua

240 3797 424 3898 eodemque
448 3795 524 3881 lege
545 3800 668 3870 mentio
691 3797 748 3878 fit,
770 3819 847 3865 num
871 3797 958 3862 hanc
980 3799 1023 3862 ob
1046 3820 1115 3862 rem
1138 3797 1269 3865 debitor
1290 3815 1360 3864 nun·

240 3921 338 3986 quatu
361 3917 465 3983 supra
487 3897 535 3974 id,
557 3897 646 3982 quod
671 3897 713 3970 ed
742 3895 899 3982 pupillum
922 3900 1091 3991 pervertit·
1120 3897 1360 3990 exceptionibus

239 4021 314 4064 curu
337 4001 455 4066 effectu
480 3997 610 4065 utetur?
659 3999 780 4062 Verum
805 3998 902 4062 etium
931 4000 1024 4086 quod
1052 3999 1231 4067 Paulus·
1222 3999 1299 4064 ιιι1,
1318 3989 1358 4057 13·

238 4103 269 4185 ι
283 4101 310 4166 1
326 4101 367 4162 de
384 4102 479 4166 cond
496 4103 607 4168 indeb.
622 4099 715 4178 dicit,
747 4099 905 4164 huonon
932 4113 1084 4184 spectet,
1117 4121 1216 4184 quum
1248 4101 1281 4164 in
1305 4099 1359 4162 troo

239 4221 448 4234 *unu—-

328 4269 383 4345 ⁹)l
375 4265 447 4328 15.
462 4267 501 4327 de
521 4269 625 4328 sotutt.
642 4267 701 4341 (16.
705 4262 766 4342 3)

198 4445 202 4453 Ι
316 4363 356 4437 ¹⁰)
376 4357 447 4424 117
462 4378 508 4438 pr.
522 4356 591 4418 eod.
