2864 4976
534 363 777 438 *55*-

73 572 204 643 amem
218 549 650 656 consentienteueuditore,
673 577 767 660 prior
785 579 909 662 emptio
923 579 1014 645 nulla
1029 583 1217 668 cinquan-

72 675 139 738 vis
163 693 205 736 ex
229 673 421 758 posteriore
436 675 597 761 ¹venditor
617 689 742 744 tanmm
761 689 916 744 tencatur
939 701 1004 746 nec
1026 675 1215 768 emptor⁸⁸).

589 937 626 1036 q.
657 939 714 1012 15.

175 1149 227 1218 De
250 1147 449 1232 pupillorum
472 1150 613 1213 naturali
637 1149 840 1236 obligatione
864 1173 949 1238 quae
971 1157 1070 1218 modo
1094 1165 1217 1220 tracta·

78 1253 206 1328 vimus,
234 1251 286 1312 ud·
303 1249 439 1336 singula
460 1252 670 1336 negotiorum
695 1273 819 1338 genera
842 1267 875 1316 ut
901 1251 1134 1334 adhibeantur,
1157 1279 1215 1320 ne-

79 1373 189 1416 cesse
216 1349 460 1436 videturesse.
495 1349 499 1355 ’

175 1450 406 1538 obligationes
423 1451 651 1532 unilatemles,
667 1467 703 1518 ut
720 1455 823 1540 ajunt,
848 1455 948 1520 facile
972 1457 1046 1538 erit,
1067 1457 1144 1542 quid
1161 1459 1216 1544 ju-

3 1547 4 1638 ]
79 1556 134 1618 ris
149 1554 306 1634 habeant,
317 1555 478 1620 invenire.
515 1554 677 1639 Pupillum
694 1556 791 1634 enim,
807 1557 834 1620 si
850 1558 923 1622 siue
938 1557 1056 1624 tutoris
1072 1559 1217 1622 auctori·

80 1667 155 1720 tate
178 1657 324 1722 creditor
347 1667 410 1736 est,
435 1655 632 1721 insolidum
660 1658 842 1722 convenire
871 1681 975 1746 posse
1004 1661 1215 1744 creditorem,

82 1769 222 1823 constat
248 1757 432 1842 eodemque
460 1759 558 1822 modo
587 1770 705 1823 contra
737 1759 915 1845 pupillum,
949 1761 978 1826 si
1005 1761 1136 1826 debitor
1163 1773 1215 1826 est

82 1881 129 1924 ex
155 1847 390 1946 promissione,
418 1861 581 1924 actionem
607 1883 674 1924 non
703 1861 773 1924 dari
808 1861 1031 1946 (pervenisse
1061 1863 1144 1926 enim
1171 1863 1215 1926 ad
1241 1881 1244 1886 ·

3 1933 4 2010 l
83 1983 161 2026 eum
189 1962 366 2046 quidquam
392 1962 540 2046 nequit),
571 1972 605 2025 et
632 1963 752 2046 ipsum,
779 1962 904 2046 siquid
939 1961 1069 2048 absque
1102 1974 1215 2028 tutore

3 2073 4 2096 l
83 2051 243 2142 solverit,
273 2075 430 2150 repetere
460 2084 577 2148 posse.
637 2063 866 2148 Exceptiones
893 2085 978 2130 vero
1006 2067 1128 2150 patitur
1156 2088 1215 2150 pu-

84 2165 185 2252 pillus
206 2166 238 2229 in
262 2163 404 2228 solidum
427 2185 469 2228 ac
494 2163 716 2251 fidejussores
741 2176 907 2244 tenentur,
932 2186 996 2230 nec
1016 2187 1083 2228 nou
1103 2177 1213 2229 tutore

86 2277 226 2330 auctore
247 2267 341 2354 juste
369 2265 505 2345 solvere
533 2276 647 2351 potest
671 2265 827 2350 pupillus.

177 2367 263 2444 Quid
290 2388 373 2431 vero
401 2365 514 2430 valeat
548 2367 589 2429 de
616 2366 759 2452 negotiis
787 2366 1027 2448 bilatcralibus‚
1056 2389 1142 2452 quae
1167 2369 1211 2431 di-

3 2539 4 2552 χ
85 2481 223 2549 cuntur,
254 2490 340 2554 quae
369 2467 515 2554 pupillus
548 2479 658 2532 tutore
691 2467 780 2532 haud
817 2469 960 2534 adhibito
997 2470 1214 2550 contraxerit,

3 2559 4 2652 l
85 2571 186 2637 valde
216 2571 381 2634 dubitatur
412 2571 497 2634 inter
529 2571 630 2636 lotos·
695 2569 828 2634 Plurimi
857 2571 941 2636 enim
968 2593 1094 2652 eorum,
1128 2573 1214 2634 inter

3 2721 4 2748 t
85 2695 172 2758 quos
198 2663 398 2751 Puclrta¹)
434 2693 568 2756 quoque
598 2683 631 2734 et
658 2664 918 2756 Savinius²),
952 2693 1050 2754 quum
1077 2684 1213 2736 veteres

78 2773 267 2864 jurisperiti
306 2773 559 2837 claudicandum
586 2774 794 2856 negotiorum
826 2773 866 2836 iis
900 2773 1050 2836 dederint
1080 2793 1213 2852 aroriten,

85 2877 330 2942 claudicantem
347 2896 474 2953 eorum,
500 2886 534 2936 ut
547 2875 593 2937 ita
611 2875 728 2952 dicam,
751 2883 901 2936 naturam
916 2875 947 2936 in
966 2895 1006 2938 eo
1023 2874 1136 2938 inesse
1152 2896 1213 2958 pu-

83 2991 166 3064 tant,
181 2979 269 3062 quod
292 2978 410 3040 tutoris
434 2977 487 3053 sit,
514 2987 570 3038 aut
593 2987 699 3038 ratum
722 2973 849 3038 habere
869 2985 1087 3050 contractum,
1114 2976 1159 3039 ita
1177 2986 1214 3039 ut

83 3081 226 3167 perinde
252 3077 306 3157 sit,
333 3077 427 3141 acsi
454 3080 495 3140 ab
521 3077 610 3140 initio
637 3077 698 3140 rite
714 3088 921 3141 contractum
949 3077 1001 3156 sit,
1030 3089 1087 3141 aut
1111 3075 1212 3162 plane

82 3183 293 3266 improbare,
324 3190 359 3243 ut
386 3181 537 3244 neutrius
564 3179 669 3264 partis
703 3179 734 3242 in
768 3190 941 3264 posterum
974 3177 1131 3264 obligatio
1159 3179 1211 3242 sit.
1250 3206 1256 3211 ·

63 3283 337 3350 .Claudicantem
370 3283 468 3366 igitur
495 3291 644 3343 natmam
672 3281 703 3342 in
731 3279 836 3344 solam
863 3279 952 3344 hanc
979 3281 1211 3364 quaestionem

82 3383 246 3462 referunt,
265 3405 341 3446 num
365 3385 496 3444 omnino
514 3379 671 3463 obligatio
689 3383 831 3444 exsistat
853 3381 955 3460 („aui
968 3381 1020 3442 die
1038 3377 1211 3444 Existenz-

83 3486 183 3571 frage
210 3483 494 3568 dcrObligation“
518 3479 672 3545 Puchta
694 3480 715 3543 l.
732 3485 793 3563 c),
816 3483 912 3567 cujus
936 3482 1062 3544 decisio
1075 3481 1110 3543 ei
1123 3501 1208 3544 com·

85 3597 192 3674 petat,
219 3587 272 3670 qui
296 3606 362 3649 non
386 3583 428 3650 sit
455 3579 634 3668 obligatus.
688 3581 785 3646 Harrc
812 3601 892 3647 csse
917 3581 1061 3645 indolem
1083 3599 1130 3646 ac
1153 3603 1213 3674 na-

86 3705 192 3754 turam
206 3687 459 3752 claudicantium
474 3685 681 3771 negotiorum
696 3685 834 3768 primum
847 3683 1096 3769 negavitBran
1106 3673 1213 3766 ὥθ’),

149 3937 191 4012 ⁸³)
211 3936 230 3997 Ι.
243 3934 288 3994 lt.
303 3931 362 4010 §.b
383 3931 423 3992 de
435 3931 464 3990 iu
478 3930 557 3991 diem
569 3930 681 4006 addici.
699 3929 759 4006 (18.
769 3929 824 4004 2.).

163 4029 189 4102 ¹)
209 4025 386 4094 Paudscteu
405 4024 430 4101 d.
442 4022 507 4086 232.

160 4120 190 4194 ¹)
209 4119 336 4199 system
356 4116 415 4178 Bd.
430 4115 486 4178 ut
502 4111 586 4196 pald.

162 4213 188 4287 ⁸)
207 4211 241 4272 ln
262 4210 467 4290 disputatione
487 4209 579 4270 citata
598 4205 721 4278 „Uebcr
741 4203 882 4272 absolute
902 4203 963 4268 und
983 4205 1107 4271 relativo
1122 4205 1213 4291 Nicb5
1262 4227 1266 4236 ’

87 4303 213 4382 tigkotr‘
232 4303 332 4384 otti
344 4323 413 4382 sqq.
436 4293 621 4381 p.133sqq.
662 4363 666 4372 .
762 4337 784 4372 ,Ι
806 4323 822 4374 μ
