2864 4976
675 347 1107 426 ..38...·,

237 555 362 622 aaut·
390 555 548 620 momenti
571 555 714 644 Ιεςοὴιηι
753 557 830 634 erit)
868 554 1053 620 ostendere
1085 554 1184 637 dicit,
1212 554 1386 640 pupillum

237 655 488 740 locupletiorem
520 677 588 721 non
620 655 745 722 sactum
778 675 844 720 nee
877 655 1073 720 naturaliter
1104 655 1263 738 obligari.
1316 657 1388 723 Sed

237 777 348 822 noune
374 755 536 842 permulta
563 777 582 820 e
609 756 755 822 sontibus
778 757 982 839 locasupra
1005 754 1221 834 ollaincurt,
1253 758 1292 821 in
1318 761 1387 844 qui·

238 859 301 922 bus
324 855 526 943 generaliter
548 859 589 920 ab
610 859 689 923 letis
710 859 921 944 dictumest,
949 855 1106 940 pupillum
1130 876 1197 920 nun
1221 857 1388 944 obligari,

237 977 302 1021 non
324 959 451 1034 teneri,
469 955 591 1020 nullam
610 959 684 1043 ejus
700 957 936 1044 obligationem
960 956 1061 1022 ease?
1089 959 1210 1042 quibua
1232 959 1271 1022 in
1300 959 1389 1024 locis

237 1059 296 1122 leti
320 1069 413 1122 certe
436 1057 515 1122 nibil
545 1057 633 1122 aliud
657 1061 771 1124 dicere
798 1057 991 1142 voluerunt,
1021 1079 1119 1144 quam
1147 1079 1213 1122 nou
1236 1061 1388 1124 civiliter
1418 1125 1419 1128 ,

238 1159 377 1244 obligari
414 1172 482 1228 ete.
500 1161 553 1243 ¹³),
588 1182 687 1246 quam
722 1164 765 1225 ob
797 1182 933 1225 causam
968 1161 1066 1226 etiam
1094 1162 1125 1225 in
1149 1170 1276 1224 nostra
1311 1159 1387 1244 lege

236 1263 342 1326 rerba
374 1261 453 1355 puio
492 1260 577 1324 nibil
607 1264 676 1351 ejus
717 1261 811 1326 debet
848 1263 893 1326 itn
915 1262 1131 1348 intelligenda
1153 1273 1252 1338 sunt,
1293 1283 1340 1326 ac
1360 1263 1387 1326 ui

237 1361 377 1428 dixisset
399 1363 501 1438 tetus,
522 1362 599 1456 quic
620 1361 705 1424 nilril
726 1363 795 1449 eiras
816 1361 910 1425 debet
923 1363 1002 1451 jure
1025 1361 1132 1442 civili,
1159 1361 1240 1456 quio
1266 1363 1328 1451 aqi
1353 1361 1386 1422 in
1418 1381 1419 1384 ’

236 1485 310 1526 artu
345 1465 476 1557 rteqm't,
521 1465 718 1546 praesertim
744 1485 841 1546 quum
874 1464 905 1526 in
927 1465 1145 1548 sequentibus
1159 1461 1247 1546 legis
1269 1461 1387 1527 verbis
1418 1459 1419 1464 ’

237 1564 381 1628 debitum
429 1562 543 1649 pnpilli
583 1561 749 1628 naturalis
784 1585 863 1630 esse
900 1562 1048 1653 obligatio
1086 1565 1231 1642 dicetur,
1287 1565 1384 1649 cujus

235 1659 353 1749 futuro
374 1665 416 1726 sit
448 1664 571 1728 solutio.
615 1665 866 1750 Longaubest‚
906 1665 984 1750 quin
1011 1663 1170 1728 Pu'cbta
1192 1665 1247 1729 hia
1268 1664 1383 1730 verbis
1405 1743 1417 1759 ,Ἴ

237 1783 315 1830 sese
337 1766 461 1830 victum
481 1786 559 1830 esse
577 1765 794 1846 confiteatur,
818 1769 917 1830 immo
932 1765 1021 1830 haec
1036 1785 1169 1852 quoque
1181 1765 1312 1850 ingenii
1334 1765 1381 1828 sui
1418 1747 1419 1766 ¹

235 1866 387 1930 acumine
410 1878 509 1951 atque
533 1867 681 1932 sollertia
702 1865 837 1951 frangit,
861 1888 902 1930 eo
918 1867 1009 1952 quod
1031 1865 1170 1950 dicatu)
1190 1865 1381 1948 „naturalia
1418 1927 1419 1934 ,

101 2001 106 2008 ·
236 1965 393 2050 obligatio
417 1969 574 2032 bedentet
595 1968 668 2032 hier
691 1968 743 2032 die
766 1971 837 2031 rein
861 1965 1025 2050 faetisehe
1045 1965 1151 2048 (nicht
1166 1966 1379 2051 juristiscbe,
1418 1971 1419 2002 ³

237 2065 330 2131 nicbt
354 2067 475 2132 eiumnl
492 2068 666 2158 allgemein
685 2067 890 2146 recbtliche)
911 2068 1109 2152 Obligirung
1131 2075 1163 2131 ⁶⁶.
1207 2068 1282 2132 Sed
1305 2058 1388 2130 nunr'

235 2168 309 2252 quis
331 2181 423 2234 extat
444 2168 645 2234 insontibus
666 2170 776 2247 laeuo,
797 2169 851 2232 ubi
870 2169 1033 2234 naturalis
1056 2167 1214 2250 obligatio
1244 2170 1280 2231 in
1302 2169 1377 2243 huc,

236 2289 333 2354 quam
350 2271 509 2336 Puchta
524 2273 689 2355 opinatur,
703 2269 949 2354 significatione
965 2279 1126 2352 usurpata
1147 2269 1191 2332 sit
1212 2271 1256 2333 ab
1280 2266 1378 2334 lctis?

236 2369 347 2451 ipsum
364 2369 612 2450 Puchtaum,
634 2373 662 2434 si
685 2371 794 2434 adhuc
808 2372 840 2434 in
858 2371 943 2434 vivis
957 2383 1060 2448 esset,
1085 2365 1248 2456 ejusmodi
1270 2370 1377 2438 locum

236 2471 400 2554 quendam
423 2469 531 2534 eslere
552 2491 668 2553 posse,
690 2473 746 2536 vix
768 2471 912 2537 credam.
1178 2553 1189 2562 ⁸

321 2569 389 2634 Sed
412 2569 499 2633 baec
521 2573 652 2655 quidem
674 2571 837 2636 hactenus
851 2571 905 2656 ¹³),
928 2591 1037 2656 neque
1059 2569 1237 2658 quidquam
1261 2581 1375 2648 restat,

234 2671 299 2737 nisi
313 2683 349 2736 ut
362 2692 615 2736 commemorem
632 2674 796 2736 neminem
813 2673 1035 2736 recentiorum
1050 2674 1193 2737 lotorum
1206 2673 1240 2735 in
1253 2669 1376 2734 Pucb·

235 2773 292 2836 tui
313 2785 427 2856 partes
442 2773 631 2852 transiisse,
655 2773 717 2838 sed
733 2795 850 2840 omnes
872 2794 1047 2854 convoco,
1070 2774 1221 2860 quamvis
1244 2773 1285 2836 de
1301 2773 1375 2855 ipsa

236 2891 274 2936 re
296 2873 395 2936 valde
418 2875 630 2958 dissentiant,
655 2876 689 2939 in
716 2895 757 2940 eo
778 2875 987 2958 consentire,
1015 2873 1272 2958 improbandum
1287 2890 1374 2946 esse,

236 2973 327 3058 qaod
351 2974 508 3042 Puohta
535 2976 683 3060 protulit.

755 3227 784 3314 g.
810 3225 859 3288 n.

273 3389 276 3397 ¹
320 3407 518 3496 Nuperrirne
542 3409 741 3474 Brinzius
757 3411 785 3494 ¹)
807 3431 927 3474 novam
953 3411 994 3473 de
1024 3409 1219 3494 pupillorum
1250 3408 1370 3494 obliga·

237 3511 326 3576 tione
346 3513 534 3596 opinionem
549 3512 734 3596 proposuit.
777 3511 981 3576 Naturaliter
994 3511 1079 3578 eninr
1096 3509 1235 3594 obligari
1250 3527 1371 3595 posse

244 3663 448 3680 *an—nanu-
532 3663 533 3666 ’

313 3747 353 3820 1⁸)
374 3747 483 3822 cipi.
501 3757 561 3808 not.
572 3749 599 3812 3.
608 3749 667 3827 §.2
679 3755 739 3808 not.
751 3748 787 3808 12
811 3783 845 3796 --
868 3749 915 3808 lti.

315 3841 355 3916 ¹⁴)
377 3839 475 3920 l.c.p.
486 3838 551 3898 351.
838 3855 840 3861 ⁴
1418 3893 1419 3896 ,

311 3935 351 4010 ¹⁶)
375 3931 536 3994 Praeclare
555 3932 736 3994 sevini-us
749 3932 1061 4010 Obligationenreohl,
1082 3931 1103 3992 1.
1117 3929 1193 4013 pn?
1207 3961 1245 3976 -
1257 3931 1297 3992 72
1316 3948 1373 3991 om·
1418 3927 1419 3930 ’

235 4032 292 4083 n‘es
312 4025 415 4104 leger,
436 4026 606 4105 dequibus
630 4027 766 4104 agimus,
790 4025 1008 4102 interpretatus
1031 4029 1090 4084 est.
1106 4023 1145 4082 cl:
1158 4022 1291 4094 B'rinz,
1319 4024 1373 4084 itri-

235 4115 336 4177 tieehe
351 4115 468 4178 Blaiter
486 4117 566 4179 nr.3
583 4117 666 4198 pili.
705 4115 853 4184 Keller,
874 4116 928 4176 der
947 4117 1100 4177 renisene
1120 4115 1329 4195 Cirilproeeee
1347 4133 1373 4175 u.

236 4205 287 4267 die
306 4208 465 4270 Actionem
488 4207 619 4290 Leipzig
641 4208 716 4269 lffll
735 4231 764 4292 p.
775 4208 839 4270 ltu.
853 4214 915 4269 not.
923 4207 990 4269 389.

312 4298 336 4374 ¹)
358 4297 512 4360 Kritisebe
532 4295 649 4361 Blatter
670 4300 896 4362 civilietiucben
915 4299 1045 4361 inbuite·
1055 4309 1102 4360 nr.
1110 4299 1140 4360 3.
1154 4319 1184 4378 p.
1193 4297 1236 4360 lt..
1251 4297 1299 4360 lu.
1312 4298 1373 4360 57..1
