<?xml version="1.0" encoding="UTF-8"?>
<!DOCTYPE html PUBLIC "-//W3C//DTD XHTML 1.0 Transitional//EN"
    "http://www.w3.org/TR/xhtml1/DTD/xhtml1-transitional.dtd">
<html xmlns="http://www.w3.org/1999/xhtml" xml:lang="en" lang="en">
 <head>
  <title>
</title>
<meta http-equiv="Content-Type" content="text/html;charset=utf-8" />
  <meta name='ocr-system' content='tesseract 3.04.00' />
  <meta name='ocr-capabilities' content='ocr_page ocr_carea ocr_par ocr_line ocrx_word'/>
</head>
<body>
  <div class='ocr_page' id='page_1' title='image "./denaturalioblig00schugoog_0031.png"; bbox 0 0 2864 4976; ppageno 0'>
   <div class='ocr_carea' id='block_1_1' title="bbox 660 299 949 376">
    <p class='ocr_par' dir='ltr' id='par_1_1' title="bbox 660 299 949 376">
     <span class='ocr_line' id='line_1_1' title="bbox 660 299 949 376; baseline -0.007 0"><span class='ocrx_word' id='word_1_1' title='bbox 660 299 949 376; x_wconf 78' lang='lat' dir='ltr'><strong>—22l-·</strong></span> 
     </span>
    </p>
   </div>
   <div class='ocr_carea' id='block_1_2' title="bbox 220 517 1362 2804">
    <p class='ocr_par' dir='ltr' id='par_1_2' title="bbox 220 517 1354 1005">
     <span class='ocr_line' id='line_1_2' title="bbox 221 517 1354 604; baseline 0.001 -20"><span class='ocrx_word' id='word_1_2' title='bbox 221 529 392 602; x_wconf 82' lang='lat' dir='ltr'><strong>putemus,</strong></span> <span class='ocrx_word' id='word_1_3' title='bbox 412 537 501 604; x_wconf 82' lang='lat' dir='ltr'><strong>qnae</strong></span> <span class='ocrx_word' id='word_1_4' title='bbox 522 529 678 604; x_wconf 83' lang='lat' dir='ltr'><strong>spectent</strong></span> <span class='ocrx_word' id='word_1_5' title='bbox 698 519 741 584; x_wconf 83' lang='lat' dir='ltr'><strong>ed</strong></span> <span class='ocrx_word' id='word_1_6' title='bbox 763 531 860 585; x_wconf 85' lang='lat' dir='ltr'><strong>vetus</strong></span> <span class='ocrx_word' id='word_1_7' title='bbox 878 517 959 584; x_wconf 90' lang='lat' dir='ltr'><strong>illud</strong></span> <span class='ocrx_word' id='word_1_8' title='bbox 981 518 1173 597; x_wconf 73' lang='lat' dir='ltr'><strong>discrimen,</strong></span> <span class='ocrx_word' id='word_1_9' title='bbox 1194 519 1264 585; x_wconf 84' lang='lat' dir='ltr'><strong>boc</strong></span> <span class='ocrx_word' id='word_1_10' title='bbox 1287 539 1354 586; x_wconf 87' lang='lat' dir='ltr'><strong>non</strong></span> 
     </span>
     <span class='ocr_line' id='line_1_3' title="bbox 221 615 1353 706; baseline 0.001 -22"><span class='ocrx_word' id='word_1_11' title='bbox 221 621 286 684; x_wconf 86' lang='lat' dir='ltr'><strong>nisi</strong></span> <span class='ocrx_word' id='word_1_12' title='bbox 306 615 429 705; x_wconf 73' lang='lat' dir='ltr'><strong>magna</strong></span> <span class='ocrx_word' id='word_1_13' title='bbox 450 619 547 705; x_wconf 86' lang='lat' dir='ltr'><strong>eulpa</strong></span> <span class='ocrx_word' id='word_1_14' title='bbox 573 620 699 686; x_wconf 82' lang='lat' dir='ltr'><strong>laetum</strong></span> <span class='ocrx_word' id='word_1_15' title='bbox 725 641 803 684; x_wconf 84' lang='lat' dir='ltr'><strong>esse</strong></span> <span class='ocrx_word' id='word_1_16' title='bbox 832 633 956 704; x_wconf 86' lang='lat' dir='ltr'><strong>posset.</strong></span> <span class='ocrx_word' id='word_1_17' title='bbox 1008 618 1252 706; x_wconf 84' lang='lat' dir='ltr'><strong>Negligentiem</strong></span> <span class='ocrx_word' id='word_1_18' title='bbox 1274 641 1353 685; x_wconf 85' lang='lat' dir='ltr'><strong>vero</strong></span> 
     </span>
     <span class='ocr_line' id='line_1_4' title="bbox 220 719 1353 805; baseline 0 -21"><span class='ocrx_word' id='word_1_19' title='bbox 220 721 254 784; x_wconf 89' lang='lat' dir='ltr'><strong>in</strong></span> <span class='ocrx_word' id='word_1_20' title='bbox 275 732 392 785; x_wconf 88' lang='lat' dir='ltr'><strong>nostra</strong></span> <span class='ocrx_word' id='word_1_21' title='bbox 414 719 610 805; x_wconf 79' lang='lat' dir='ltr'><strong>quaestione</strong></span> <span class='ocrx_word' id='word_1_22' title='bbox 633 719 875 804; x_wconf 68' lang='lat' dir='ltr'><strong>compilatores</strong></span> <span class='ocrx_word' id='word_1_23' title='bbox 892 721 1148 801; x_wconf 74' lang='lat' dir='ltr'><strong>commeruisse,</strong></span> <span class='ocrx_word' id='word_1_24' title='bbox 1178 739 1220 783; x_wconf 87' lang='lat' dir='ltr'><strong>eo</strong></span> <span class='ocrx_word' id='word_1_25' title='bbox 1248 719 1353 784; x_wconf 85' lang='lat' dir='ltr'><strong>minus</strong></span> 
     </span>
     <span class='ocr_line' id='line_1_5' title="bbox 223 820 1353 906; baseline 0 -20"><span class='ocrx_word' id='word_1_26' title='bbox 223 821 383 886; x_wconf 80' lang='lat' dir='ltr'><strong>credibile</strong></span> <span class='ocrx_word' id='word_1_27' title='bbox 405 821 482 884; x_wconf 89' lang='lat' dir='ltr'><strong>mihi</strong></span> <span class='ocrx_word' id='word_1_28' title='bbox 498 821 638 904; x_wconf 87' lang='lat' dir='ltr'><strong>videtur,</strong></span> <span class='ocrx_word' id='word_1_29' title='bbox 662 841 761 906; x_wconf 90' lang='lat' dir='ltr'><strong>quum</strong></span> <span class='ocrx_word' id='word_1_30' title='bbox 784 822 874 906; x_wconf 87' lang='lat' dir='ltr'><strong>quod</strong></span> <span class='ocrx_word' id='word_1_31' title='bbox 897 821 1009 886; x_wconf 85' lang='lat' dir='ltr'><strong>inesse</strong></span> <span class='ocrx_word' id='word_1_32' title='bbox 1032 821 1202 905; x_wconf 85' lang='lat' dir='ltr'><strong>potentin</strong></span> <span class='ocrx_word' id='word_1_33' title='bbox 1225 820 1353 904; x_wconf 83' lang='lat' dir='ltr'><strong>legibus</strong></span> 
     </span>
     <span class='ocr_line' id='line_1_6' title="bbox 223 915 1333 1005; baseline -0.001 -19"><span class='ocrx_word' id='word_1_34' title='bbox 223 921 409 999; x_wconf 77' lang='lat' dir='ltr'><strong>discidium,</strong></span> <span class='ocrx_word' id='word_1_35' title='bbox 432 919 530 984; x_wconf 80' lang='lat' dir='ltr'><strong>tacite</strong></span> <span class='ocrx_word' id='word_1_36' title='bbox 553 923 707 1004; x_wconf 87' lang='lat' dir='ltr'><strong>componi</strong></span> <span class='ocrx_word' id='word_1_37' title='bbox 732 941 834 1004; x_wconf 86' lang='lat' dir='ltr'><strong>posse</strong></span> <span class='ocrx_word' id='word_1_38' title='bbox 859 915 1060 1005; x_wconf 86' lang='lat' dir='ltr'><strong>persuasum</strong></span> <span class='ocrx_word' id='word_1_39' title='bbox 1080 920 1158 984; x_wconf 88' lang='lat' dir='ltr'><strong>mihi</strong></span> <span class='ocrx_word' id='word_1_40' title='bbox 1182 920 1333 986; x_wconf 88' lang='lat' dir='ltr'><strong>babeam.</strong></span> 
     </span>
    </p>

    <p class='ocr_par' dir='ltr' id='par_1_3' title="bbox 222 1021 1356 2110">
     <span class='ocr_line' id='line_1_7' title="bbox 304 1021 1351 1106; baseline 0 -20"><span class='ocrx_word' id='word_1_41' title='bbox 304 1024 382 1106; x_wconf 83' lang='lat' dir='ltr'><strong>lpse</strong></span> <span class='ocrx_word' id='word_1_42' title='bbox 404 1021 603 1086; x_wconf 87' lang='lat' dir='ltr'><strong>Donellns</strong></span> <span class='ocrx_word' id='word_1_43' title='bbox 625 1024 657 1086; x_wconf 86' lang='lat' dir='ltr'><strong>iu</strong></span> <span class='ocrx_word' id='word_1_44' title='bbox 678 1023 868 1106; x_wconf 86' lang='lat' dir='ltr'><strong>posteriore</strong></span> <span class='ocrx_word' id='word_1_45' title='bbox 891 1025 1048 1106; x_wconf 65' lang='lat' dir='ltr'><strong>operam)</strong></span> <span class='ocrx_word' id='word_1_46' title='bbox 1069 1027 1157 1086; x_wconf 85' lang='lat' dir='ltr'><strong>banc</strong></span> <span class='ocrx_word' id='word_1_47' title='bbox 1170 1041 1266 1084; x_wconf 86' lang='lat' dir='ltr'><strong>suam</strong></span> <span class='ocrx_word' id='word_1_48' title='bbox 1279 1042 1351 1086; x_wconf 87' lang='lat' dir='ltr'><strong>sen·</strong></span> 
     </span>
     <span class='ocr_line' id='line_1_8' title="bbox 223 1125 1352 1209; baseline -0.002 -21"><span class='ocrx_word' id='word_1_49' title='bbox 223 1125 356 1188; x_wconf 84' lang='lat' dir='ltr'><strong>tentiam</strong></span> <span class='ocrx_word' id='word_1_50' title='bbox 377 1125 621 1209; x_wconf 75' lang='lat' dir='ltr'><strong>quietlunnnodo</strong></span> <span class='ocrx_word' id='word_1_51' title='bbox 655 1125 848 1206; x_wconf 78' lang='lat' dir='ltr'><strong>reprobavit</strong></span> <span class='ocrx_word' id='word_1_52' title='bbox 880 1137 913 1187; x_wconf 84' lang='lat' dir='ltr'><strong>et</strong></span> <span class='ocrx_word' id='word_1_53' title='bbox 946 1126 991 1186; x_wconf 86' lang='lat' dir='ltr'><strong>ita</strong></span> <span class='ocrx_word' id='word_1_54' title='bbox 1018 1125 1172 1198; x_wconf 86' lang='lat' dir='ltr'><strong>mutavit,</strong></span> <span class='ocrx_word' id='word_1_55' title='bbox 1201 1135 1237 1186; x_wconf 87' lang='lat' dir='ltr'><strong>ul</strong></span> <span class='ocrx_word' id='word_1_56' title='bbox 1270 1125 1352 1187; x_wconf 79' lang='lat' dir='ltr'><strong>sieut</strong></span> 
     </span>
     <span class='ocr_line' id='line_1_9' title="bbox 222 1223 1350 1310; baseline 0.003 -25"><span class='ocrx_word' id='word_1_57' title='bbox 222 1224 316 1308; x_wconf 87' lang='lat' dir='ltr'><strong>prins</strong></span> <span class='ocrx_word' id='word_1_58' title='bbox 339 1225 452 1310; x_wconf 82' lang='lat' dir='ltr'><strong>pupilli</strong></span> <span class='ocrx_word' id='word_1_59' title='bbox 474 1225 633 1290; x_wconf 80' lang='lat' dir='ltr'><strong>infantiae</strong></span> <span class='ocrx_word' id='word_1_60' title='bbox 657 1228 797 1308; x_wconf 81' lang='lat' dir='ltr'><strong>proximi</strong></span> <span class='ocrx_word' id='word_1_61' title='bbox 824 1225 1002 1310; x_wconf 78' lang='lat' dir='ltr'><strong>quamlibet</strong></span> <span class='ocrx_word' id='word_1_62' title='bbox 1033 1223 1268 1308; x_wconf 79' lang='lat' dir='ltr'><strong>obligationem</strong></span> <span class='ocrx_word' id='word_1_63' title='bbox 1296 1243 1350 1288; x_wconf 89' lang='lat' dir='ltr'><strong>ne·</strong></span> 
     </span>
     <span class='ocr_line' id='line_1_10' title="bbox 223 1325 1350 1410; baseline -0.004 -22"><span class='ocrx_word' id='word_1_64' title='bbox 223 1336 279 1410; x_wconf 82' lang='lat' dir='ltr'><strong>get</strong></span> <span class='ocrx_word' id='word_1_65' title='bbox 300 1338 335 1390; x_wconf 85' lang='lat' dir='ltr'><strong>et</strong></span> <span class='ocrx_word' id='word_1_66' title='bbox 354 1329 396 1392; x_wconf 90' lang='lat' dir='ltr'><strong>de</strong></span> <span class='ocrx_word' id='word_1_67' title='bbox 420 1328 586 1410; x_wconf 85' lang='lat' dir='ltr'><strong>pubertati</strong></span> <span class='ocrx_word' id='word_1_68' title='bbox 608 1329 762 1410; x_wconf 83' lang='lat' dir='ltr'><strong>proximo</strong></span> <span class='ocrx_word' id='word_1_69' title='bbox 788 1325 853 1390; x_wconf 89' lang='lat' dir='ltr'><strong>boc</strong></span> <span class='ocrx_word' id='word_1_70' title='bbox 876 1337 1060 1410; x_wconf 76' lang='lat' dir='ltr'><strong>proponat:</strong></span> <span class='ocrx_word' id='word_1_71' title='bbox 1091 1326 1222 1390; x_wconf 86' lang='lat' dir='ltr'><strong>ratione</strong></span> <span class='ocrx_word' id='word_1_72' title='bbox 1248 1327 1350 1408; x_wconf 86' lang='lat' dir='ltr'><strong>ipsius</strong></span> 
     </span>
     <span class='ocr_line' id='line_1_11' title="bbox 225 1425 1351 1512; baseline 0 -22"><span class='ocrx_word' id='word_1_73' title='bbox 225 1427 339 1510; x_wconf 89' lang='lat' dir='ltr'><strong>pupilli</strong></span> <span class='ocrx_word' id='word_1_74' title='bbox 365 1451 496 1492; x_wconf 87' lang='lat' dir='ltr'><strong>omnem</strong></span> <span class='ocrx_word' id='word_1_75' title='bbox 527 1429 627 1492; x_wconf 89' lang='lat' dir='ltr'><strong>etiam</strong></span> <span class='ocrx_word' id='word_1_76' title='bbox 654 1425 837 1492; x_wconf 80' lang='lat' dir='ltr'><strong>naturalem</strong></span> <span class='ocrx_word' id='word_1_77' title='bbox 874 1429 1108 1512; x_wconf 79' lang='lat' dir='ltr'><strong>obligationem</strong></span> <span class='ocrx_word' id='word_1_78' title='bbox 1141 1427 1351 1512; x_wconf 84' lang='lat' dir='ltr'><strong>rejiciendam</strong></span> 
     </span>
     <span class='ocr_line' id='line_1_12' title="bbox 224 1527 1351 1612; baseline 0 -22"><span class='ocrx_word' id='word_1_79' title='bbox 224 1547 313 1605; x_wconf 86' lang='lat' dir='ltr'><strong>esse,</strong></span> <span class='ocrx_word' id='word_1_80' title='bbox 335 1529 396 1603; x_wconf 82' lang='lat' dir='ltr'><strong>sed</strong></span> <span class='ocrx_word' id='word_1_81' title='bbox 420 1531 549 1592; x_wconf 87' lang='lat' dir='ltr'><strong>ratione</strong></span> <span class='ocrx_word' id='word_1_82' title='bbox 573 1529 710 1592; x_wconf 87' lang='lat' dir='ltr'><strong>aliarum</strong></span> <span class='ocrx_word' id='word_1_83' title='bbox 735 1546 968 1610; x_wconf 86' lang='lat' dir='ltr'><strong>personarum,</strong></span> <span class='ocrx_word' id='word_1_84' title='bbox 991 1527 1202 1612; x_wconf 81' lang='lat' dir='ltr'><strong>fidejussoris</strong></span> <span class='ocrx_word' id='word_1_85' title='bbox 1224 1529 1351 1612; x_wconf 81' lang='lat' dir='ltr'><strong>etejns,</strong></span> 
     </span>
     <span class='ocr_line' id='line_1_13' title="bbox 224 1627 1352 1713; baseline 0.004 -25"><span class='ocrx_word' id='word_1_86' title='bbox 224 1627 278 1710; x_wconf 88' lang='lat' dir='ltr'><strong>qni</strong></span> <span class='ocrx_word' id='word_1_87' title='bbox 305 1639 416 1703; x_wconf 89' lang='lat' dir='ltr'><strong>novet,</strong></span> <span class='ocrx_word' id='word_1_88' title='bbox 439 1629 673 1710; x_wconf 81' lang='lat' dir='ltr'><strong>obligationem</strong></span> <span class='ocrx_word' id='word_1_89' title='bbox 698 1630 1016 1713; x_wconf 65' lang='lat' dir='ltr'><strong>agnoscendamss).</strong></span> <span class='ocrx_word' id='word_1_90' title='bbox 1067 1627 1171 1692; x_wconf 85' lang='lat' dir='ltr'><strong>Multo</strong></span> <span class='ocrx_word' id='word_1_91' title='bbox 1194 1647 1277 1692; x_wconf 89' lang='lat' dir='ltr'><strong>vero</strong></span> <span class='ocrx_word' id='word_1_92' title='bbox 1299 1631 1352 1692; x_wconf 85' lang='lat' dir='ltr'><strong>mi·</strong></span> 
     </span>
     <span class='ocr_line' id='line_1_14' title="bbox 224 1724 1352 1812; baseline 0.005 -24"><span class='ocrx_word' id='word_1_93' title='bbox 224 1745 289 1788; x_wconf 86' lang='lat' dir='ltr'><strong>nus</strong></span> <span class='ocrx_word' id='word_1_94' title='bbox 312 1724 396 1790; x_wconf 88' lang='lat' dir='ltr'><strong>haec</strong></span> <span class='ocrx_word' id='word_1_95' title='bbox 421 1729 532 1810; x_wconf 92' lang='lat' dir='ltr'><strong>opinio</strong></span> <span class='ocrx_word' id='word_1_96' title='bbox 557 1727 730 1810; x_wconf 86' lang='lat' dir='ltr'><strong>probanda</strong></span> <span class='ocrx_word' id='word_1_97' title='bbox 751 1728 893 1808; x_wconf 88' lang='lat' dir='ltr'><strong>videtur,</strong></span> <span class='ocrx_word' id='word_1_98' title='bbox 917 1749 1015 1812; x_wconf 77' lang='lat' dir='ltr'><strong>quium</strong></span> <span class='ocrx_word' id='word_1_99' title='bbox 1037 1749 1133 1791; x_wconf 87' lang='lat' dir='ltr'><strong>error</strong></span> <span class='ocrx_word' id='word_1_100' title='bbox 1148 1729 1352 1794; x_wconf 87' lang='lat' dir='ltr'><strong>aderrorcro</strong></span> 
     </span>
     <span class='ocr_line' id='line_1_15' title="bbox 225 1825 1354 1913; baseline 0.005 -25"><span class='ocrx_word' id='word_1_101' title='bbox 225 1825 363 1888; x_wconf 87' lang='lat' dir='ltr'><strong>venerit.</strong></span> <span class='ocrx_word' id='word_1_102' title='bbox 396 1827 484 1900; x_wconf 83' lang='lat' dir='ltr'><strong>Quid</strong></span> <span class='ocrx_word' id='word_1_103' title='bbox 502 1827 609 1890; x_wconf 74' lang='lat' dir='ltr'><strong>enim?</strong></span> <span class='ocrx_word' id='word_1_104' title='bbox 632 1845 708 1891; x_wconf 89' lang='lat' dir='ltr'><strong>num</strong></span> <span class='ocrx_word' id='word_1_105' title='bbox 731 1829 927 1891; x_wconf 83' lang='lat' dir='ltr'><strong>accessoria</strong></span> <span class='ocrx_word' id='word_1_106' title='bbox 949 1846 1035 1912; x_wconf 86' lang='lat' dir='ltr'><strong>quae</strong></span> <span class='ocrx_word' id='word_1_107' title='bbox 1052 1828 1173 1891; x_wconf 86' lang='lat' dir='ltr'><strong>dicitnr</strong></span> <span class='ocrx_word' id='word_1_108' title='bbox 1187 1828 1354 1913; x_wconf 83' lang='lat' dir='ltr'><strong>obligatio,</strong></span> 
     </span>
     <span class='ocr_line' id='line_1_16' title="bbox 226 1913 1356 2014; baseline 0.005 -26"><span class='ocrx_word' id='word_1_109' title='bbox 226 1923 335 2008; x_wconf 89' lang='lat' dir='ltr'><strong>qualis</strong></span> <span class='ocrx_word' id='word_1_110' title='bbox 358 1937 410 1990; x_wconf 87' lang='lat' dir='ltr'><strong>est</strong></span> <span class='ocrx_word' id='word_1_111' title='bbox 431 1927 641 2012; x_wconf 84' lang='lat' dir='ltr'><strong>fidejussoris</strong></span> <span class='ocrx_word' id='word_1_112' title='bbox 667 1939 699 1990; x_wconf 89' lang='lat' dir='ltr'><strong>et</strong></span> <span class='ocrx_word' id='word_1_113' title='bbox 722 1913 886 2006; x_wconf 87' lang='lat' dir='ltr'><strong>novantis,</strong></span> <span class='ocrx_word' id='word_1_114' title='bbox 909 1928 1094 1992; x_wconf 89' lang='lat' dir='ltr'><strong>consistere</strong></span> <span class='ocrx_word' id='word_1_115' title='bbox 1117 1939 1243 2012; x_wconf 86' lang='lat' dir='ltr'><strong>potest,</strong></span> <span class='ocrx_word' id='word_1_116' title='bbox 1266 1931 1356 2014; x_wconf 90' lang='lat' dir='ltr'><strong>prin-</strong></span> 
     </span>
     <span class='ocr_line' id='line_1_17' title="bbox 227 2023 1189 2110; baseline 0.002 -22"><span class='ocrx_word' id='word_1_117' title='bbox 227 2023 326 2108; x_wconf 85' lang='lat' dir='ltr'><strong>eipali</strong></span> <span class='ocrx_word' id='word_1_118' title='bbox 347 2025 549 2110; x_wconf 86' lang='lat' dir='ltr'><strong>obligatione</strong></span> <span class='ocrx_word' id='word_1_119' title='bbox 571 2025 832 2110; x_wconf 68' lang='lat' dir='ltr'><strong>reprobata²²)l</strong></span> <span class='ocrx_word' id='word_1_120' title='bbox 1187 2051 1189 2054; x_wconf 91' lang='lat'>·</span> 
     </span>
    </p>

    <p class='ocr_par' dir='ltr' id='par_1_4' title="bbox 226 2127 1362 2804">
     <span class='ocr_line' id='line_1_18' title="bbox 311 2127 1358 2218; baseline 0.007 -28"><span class='ocrx_word' id='word_1_121' title='bbox 311 2127 438 2201; x_wconf 86' lang='lat' dir='ltr'><strong>Quodsi</strong></span> <span class='ocrx_word' id='word_1_122' title='bbox 461 2151 504 2193; x_wconf 86' lang='lat' dir='ltr'><strong>ex</strong></span> <span class='ocrx_word' id='word_1_123' title='bbox 526 2129 578 2192; x_wconf 88' lang='lat' dir='ltr'><strong>bis</strong></span> <span class='ocrx_word' id='word_1_124' title='bbox 603 2130 770 2217; x_wconf 86' lang='lat' dir='ltr'><strong>seqnitur,</strong></span> <span class='ocrx_word' id='word_1_125' title='bbox 804 2148 914 2212; x_wconf 89' lang='lat' dir='ltr'><strong>neque</strong></span> <span class='ocrx_word' id='word_1_126' title='bbox 936 2149 996 2194; x_wconf 87' lang='lat' dir='ltr'><strong>eos</strong></span> <span class='ocrx_word' id='word_1_127' title='bbox 1016 2151 1121 2214; x_wconf 89' lang='lat' dir='ltr'><strong>posse</strong></span> <span class='ocrx_word' id='word_1_128' title='bbox 1139 2129 1281 2210; x_wconf 87' lang='lat' dir='ltr'><strong>landari,</strong></span> <span class='ocrx_word' id='word_1_129' title='bbox 1303 2133 1358 2218; x_wconf 90' lang='lat' dir='ltr'><strong>qui</strong></span> 
     </span>
     <span class='ocr_line' id='line_1_19' title="bbox 228 2227 1358 2316; baseline 0.006 -26"><span class='ocrx_word' id='word_1_130' title='bbox 228 2227 449 2311; x_wconf 83' lang='lat' dir='ltr'><strong>distinguunt,</strong></span> <span class='ocrx_word' id='word_1_131' title='bbox 472 2243 578 2294; x_wconf 89' lang='lat' dir='ltr'><strong>utrum</strong></span> <span class='ocrx_word' id='word_1_132' title='bbox 602 2231 723 2314; x_wconf 88' lang='lat' dir='ltr'><strong>aliquid</strong></span> <span class='ocrx_word' id='word_1_133' title='bbox 747 2231 937 2313; x_wconf 88' lang='lat' dir='ltr'><strong>pervenerit</strong></span> <span class='ocrx_word' id='word_1_134' title='bbox 959 2233 1001 2294; x_wconf 88' lang='lat' dir='ltr'><strong>ad</strong></span> <span class='ocrx_word' id='word_1_135' title='bbox 1021 2230 1197 2316; x_wconf 84' lang='lat' dir='ltr'><strong>pupillum,</strong></span> <span class='ocrx_word' id='word_1_136' title='bbox 1217 2250 1283 2296; x_wconf 88' lang='lat' dir='ltr'><strong>neo</strong></span> <span class='ocrx_word' id='word_1_137' title='bbox 1303 2253 1358 2312; x_wconf 90' lang='lat' dir='ltr'><strong>ne,</strong></span> 
     </span>
     <span class='ocr_line' id='line_1_20' title="bbox 226 2327 1359 2414; baseline 0.008 -27"><span class='ocrx_word' id='word_1_138' title='bbox 226 2345 336 2410; x_wconf 90' lang='lat' dir='ltr'><strong>neque</strong></span> <span class='ocrx_word' id='word_1_139' title='bbox 358 2341 438 2404; x_wconf 83' lang='lat' dir='ltr'><strong>eos,</strong></span> <span class='ocrx_word' id='word_1_140' title='bbox 466 2331 522 2414; x_wconf 89' lang='lat' dir='ltr'><strong>qui</strong></span> <span class='ocrx_word' id='word_1_141' title='bbox 544 2331 721 2394; x_wconf 81' lang='lat' dir='ltr'><strong>discrimen</strong></span> <span class='ocrx_word' id='word_1_142' title='bbox 744 2330 871 2394; x_wconf 86' lang='lat' dir='ltr'><strong>faciunt</strong></span> <span class='ocrx_word' id='word_1_143' title='bbox 899 2332 985 2394; x_wconf 89' lang='lat' dir='ltr'><strong>inter</strong></span> <span class='ocrx_word' id='word_1_144' title='bbox 1011 2327 1170 2414; x_wconf 89' lang='lat' dir='ltr'><strong>pupillum</strong></span> <span class='ocrx_word' id='word_1_145' title='bbox 1198 2330 1359 2397; x_wconf 86' lang='lat' dir='ltr'><strong>infantiae</strong></span> 
     </span>
     <span class='ocr_line' id='line_1_21' title="bbox 227 2427 1361 2516; baseline 0.014 -31"><span class='ocrx_word' id='word_1_146' title='bbox 227 2427 410 2506; x_wconf 82' lang='lat' dir='ltr'><strong>proximum</strong></span> <span class='ocrx_word' id='word_1_147' title='bbox 433 2440 466 2490; x_wconf 92' lang='lat' dir='ltr'><strong>et</strong></span> <span class='ocrx_word' id='word_1_148' title='bbox 491 2429 666 2510; x_wconf 89' lang='lat' dir='ltr'><strong>pubertati,</strong></span> <span class='ocrx_word' id='word_1_149' title='bbox 690 2450 731 2492; x_wconf 91' lang='lat' dir='ltr'><strong>eo</strong></span> <span class='ocrx_word' id='word_1_150' title='bbox 752 2432 859 2516; x_wconf 84' lang='lat' dir='ltr'><strong>magis</strong></span> <span class='ocrx_word' id='word_1_151' title='bbox 871 2430 1111 2513; x_wconf 86' lang='lat' dir='ltr'><strong>vituperandus</strong></span> <span class='ocrx_word' id='word_1_152' title='bbox 1132 2432 1361 2500; x_wconf 82' lang='lat' dir='ltr'><strong>videturesse</strong></span> 
     </span>
     <span class='ocr_line' id='line_1_22' title="bbox 227 2523 1361 2618; baseline 0.011 -30"><span class='ocrx_word' id='word_1_153' title='bbox 227 2523 439 2609; x_wconf 77' lang='lat' dir='ltr'><strong>Martinus,</strong></span> <span class='ocrx_word' id='word_1_154' title='bbox 460 2529 525 2611; x_wconf 89' lang='lat' dir='ltr'><strong>qui,</strong></span> <span class='ocrx_word' id='word_1_155' title='bbox 538 2539 573 2591; x_wconf 92' lang='lat' dir='ltr'><strong>nt</strong></span> <span class='ocrx_word' id='word_1_156' title='bbox 585 2529 791 2614; x_wconf 89' lang='lat' dir='ltr'><strong>obligaretur</strong></span> <span class='ocrx_word' id='word_1_157' title='bbox 805 2529 949 2614; x_wconf 88' lang='lat' dir='ltr'><strong>pupillus</strong></span> <span class='ocrx_word' id='word_1_158' title='bbox 963 2531 1169 2608; x_wconf 86' lang='lat' dir='ltr'><strong>naturaliter,</strong></span> <span class='ocrx_word' id='word_1_159' title='bbox 1186 2544 1361 2618; x_wconf 85' lang='lat' dir='ltr'><strong>utrumque</strong></span> 
     </span>
     <span class='ocr_line' id='line_1_23' title="bbox 228 2627 1362 2718; baseline 0.011 -31"><span class='ocrx_word' id='word_1_160' title='bbox 228 2627 352 2709; x_wconf 82' lang='lat' dir='ltr'><strong>exegit,</strong></span> <span class='ocrx_word' id='word_1_161' title='bbox 376 2639 460 2692; x_wconf 78' lang='lat' dir='ltr'><strong>et&#39;ut</strong></span> <span class='ocrx_word' id='word_1_162' title='bbox 473 2629 644 2713; x_wconf 80' lang='lat' dir='ltr'><strong>proximus</strong></span> <span class='ocrx_word' id='word_1_163' title='bbox 667 2631 711 2694; x_wconf 88' lang='lat' dir='ltr'><strong>sit</strong></span> <span class='ocrx_word' id='word_1_164' title='bbox 731 2631 909 2714; x_wconf 87' lang='lat' dir='ltr'><strong>pnperteti,</strong></span> <span class='ocrx_word' id='word_1_165' title='bbox 931 2641 965 2694; x_wconf 91' lang='lat' dir='ltr'><strong>et</strong></span> <span class='ocrx_word' id='word_1_166' title='bbox 980 2641 1015 2694; x_wconf 90' lang='lat' dir='ltr'><strong>ut</strong></span> <span class='ocrx_word' id='word_1_167' title='bbox 1036 2633 1225 2714; x_wconf 84' lang='lat' dir='ltr'><strong>pervenerit</strong></span> <span class='ocrx_word' id='word_1_168' title='bbox 1238 2633 1362 2718; x_wconf 86' lang='lat' dir='ltr'><strong>aliquid</strong></span> 
     </span>
     <span class='ocr_line' id='line_1_24' title="bbox 227 2728 432 2804; baseline 0.015 -14"><span class='ocrx_word' id='word_1_169' title='bbox 227 2728 271 2790; x_wconf 82' lang='lat' dir='ltr'><strong>ad</strong></span> <span class='ocrx_word' id='word_1_170' title='bbox 293 2735 432 2804; x_wconf 59' lang='lat' dir='ltr'><strong>eumn).</strong></span> 
     </span>
    </p>
   </div>
   <div class='ocr_carea' id='block_1_3' title="bbox 741 2917 840 3016">
    <p class='ocr_par' dir='ltr' id='par_1_5' title="bbox 741 2917 840 3016">
     <span class='ocr_line' id='line_1_25' title="bbox 741 2917 840 3016; baseline -0.02 -24"><span class='ocrx_word' id='word_1_171' title='bbox 741 2917 778 3016; x_wconf 68' lang='lat' dir='ltr'><strong>o.</strong></span> <span class='ocrx_word' id='word_1_172' title='bbox 802 2917 840 2992; x_wconf 83' lang='lat' dir='ltr'><strong>s.</strong></span> 
     </span>
    </p>
   </div>
   <div class='ocr_carea' id='block_1_4' title="bbox 214 3065 1364 3255">
    <p class='ocr_par' dir='ltr' id='par_1_6' title="bbox 214 3065 1364 3255">
     <span class='ocr_line' id='line_1_26' title="bbox 214 3065 1364 3152; baseline 0.002 -20"><span class='ocrx_word' id='word_1_173' title='bbox 214 3136 219 3146; x_wconf 58' lang='grc'>,</span> <span class='ocrx_word' id='word_1_174' title='bbox 314 3067 490 3142; x_wconf 85' lang='lat' dir='ltr'><strong>Quomodo</strong></span> <span class='ocrx_word' id='word_1_175' title='bbox 509 3067 612 3130; x_wconf 88' lang='lat' dir='ltr'><strong>ceteri</strong></span> <span class='ocrx_word' id='word_1_176' title='bbox 634 3065 709 3144; x_wconf 89' lang='lat' dir='ltr'><strong>leti,</strong></span> <span class='ocrx_word' id='word_1_177' title='bbox 729 3069 783 3152; x_wconf 90' lang='lat' dir='ltr'><strong>qui</strong></span> <span class='ocrx_word' id='word_1_178' title='bbox 796 3067 891 3143; x_wconf 82' lang='lat' dir='ltr'><strong>XVI,</strong></span> <span class='ocrx_word' id='word_1_179' title='bbox 914 3067 1008 3132; x_wconf 89' lang='lat' dir='ltr'><strong>XVll</strong></span> <span class='ocrx_word' id='word_1_180' title='bbox 1029 3081 1062 3131; x_wconf 90' lang='lat' dir='ltr'><strong>et</strong></span> <span class='ocrx_word' id='word_1_181' title='bbox 1084 3067 1189 3132; x_wconf 86' lang='lat' dir='ltr'><strong>XVlll</strong></span> <span class='ocrx_word' id='word_1_182' title='bbox 1211 3065 1364 3134; x_wconf 84' lang='lat' dir='ltr'><strong>saeculis</strong></span> 
     </span>
     <span class='ocr_line' id='line_1_27' title="bbox 227 3167 1363 3255; baseline 0.003 -23"><span class='ocrx_word' id='word_1_183' title='bbox 227 3169 425 3243; x_wconf 88' lang='lat' dir='ltr'><strong>floruerunt,</strong></span> <span class='ocrx_word' id='word_1_184' title='bbox 448 3188 651 3252; x_wconf 88' lang='lat' dir='ltr'><strong>componere</strong></span> <span class='ocrx_word' id='word_1_185' title='bbox 666 3169 854 3232; x_wconf 86' lang='lat' dir='ltr'><strong>studuerint</strong></span> <span class='ocrx_word' id='word_1_186' title='bbox 872 3167 970 3254; x_wconf 86' lang='lat' dir='ltr'><strong>leges</strong></span> <span class='ocrx_word' id='word_1_187' title='bbox 993 3179 1026 3234; x_wconf 90' lang='lat' dir='ltr'><strong>et</strong></span> <span class='ocrx_word' id='word_1_188' title='bbox 1047 3169 1137 3255; x_wconf 87' lang='lat' dir='ltr'><strong>quod</strong></span> <span class='ocrx_word' id='word_1_189' title='bbox 1157 3169 1220 3254; x_wconf 91' lang='lat' dir='ltr'><strong>ipsi</strong></span> <span class='ocrx_word' id='word_1_190' title='bbox 1243 3169 1286 3232; x_wconf 89' lang='lat' dir='ltr'><strong>de</strong></span> <span class='ocrx_word' id='word_1_191' title='bbox 1302 3192 1363 3253; x_wconf 90' lang='lat' dir='ltr'><strong>pu·</strong></span> 
     </span>
    </p>
   </div>
   <div class='ocr_carea' id='block_1_5' title="bbox 231 3289 435 3303">
    <p class='ocr_par' dir='ltr' id='par_1_7' title="bbox 231 3289 435 3303">
     <span class='ocr_line' id='line_1_28' title="bbox 231 3289 435 3303; baseline 0.005 -4"><span class='ocrx_word' id='word_1_192' title='bbox 231 3289 435 3303; x_wconf 65' lang='grc'><strong>-1--1--1-</strong></span> 
     </span>
    </p>
   </div>
   <div class='ocr_carea' id='block_1_6' title="bbox 306 3326 860 3415">
    <p class='ocr_par' dir='ltr' id='par_1_8' title="bbox 306 3326 860 3415">
     <span class='ocr_line' id='line_1_29' title="bbox 306 3326 860 3415; baseline 0.002 -19"><span class='ocrx_word' id='word_1_193' title='bbox 306 3341 346 3415; x_wconf 86' lang='lat'><strong>¹⁰)</strong></span> <span class='ocrx_word' id='word_1_194' title='bbox 367 3337 533 3399; x_wconf 85' lang='lat' dir='ltr'><strong>Commeat.</strong></span> <span class='ocrx_word' id='word_1_195' title='bbox 548 3335 586 3396; x_wconf 87' lang='lat' dir='ltr'><strong>ad</strong></span> <span class='ocrx_word' id='word_1_196' title='bbox 604 3335 621 3394; x_wconf 92' lang='lat' dir='ltr'><strong>l.</strong></span> <span class='ocrx_word' id='word_1_197' title='bbox 637 3333 702 3394; x_wconf 75' lang='lat'>127.</span> <span class='ocrx_word' id='word_1_198' title='bbox 717 3326 807 3396; x_wconf 78' lang='lat' dir='ltr'><strong>dev.</strong></span> <span class='ocrx_word' id='word_1_199' title='bbox 822 3336 860 3397; x_wconf 92' lang='grc' dir='ltr'><strong>Ο.</strong></span> 
     </span>
    </p>
   </div>
   <div class='ocr_carea' id='block_1_7' title="bbox 217 3417 1364 4152">
    <p class='ocr_par' dir='ltr' id='par_1_9' title="bbox 228 3417 1364 4064">
     <span class='ocr_line' id='line_1_30' title="bbox 305 3417 1364 3512; baseline 0 -22"><span class='ocrx_word' id='word_1_200' title='bbox 305 3432 345 3508; x_wconf 83' lang='lat' dir='ltr'><strong>n)</strong></span> <span class='ocrx_word' id='word_1_201' title='bbox 368 3429 468 3512; x_wconf 83' lang='lat' dir='ltr'><strong>Hujus</strong></span> <span class='ocrx_word' id='word_1_202' title='bbox 489 3429 594 3509; x_wconf 86' lang='lat' dir='ltr'><strong>operis</strong></span> <span class='ocrx_word' id='word_1_203' title='bbox 615 3446 705 3506; x_wconf 71' lang='lat' dir='ltr'><strong>qurum</strong></span> <span class='ocrx_word' id='word_1_204' title='bbox 724 3427 887 3488; x_wconf 81' lang='lat' dir='ltr'><strong>evolvendi</strong></span> <span class='ocrx_word' id='word_1_205' title='bbox 903 3428 1026 3487; x_wconf 82' lang='lat' dir='ltr'><strong>occasio</strong></span> <span class='ocrx_word' id='word_1_206' title='bbox 1043 3417 1264 3498; x_wconf 73' lang='lat' dir='ltr'><strong>madefecerit,</strong></span> <span class='ocrx_word' id='word_1_207' title='bbox 1284 3450 1364 3508; x_wconf 77' lang='lat' dir='ltr'><strong>opus</strong></span> 
     </span>
     <span class='ocr_line' id='line_1_31' title="bbox 228 3519 1363 3598; baseline -0.005 -13"><span class='ocrx_word' id='word_1_208' title='bbox 228 3529 288 3592; x_wconf 89' lang='lat' dir='ltr'><strong>est,</strong></span> <span class='ocrx_word' id='word_1_209' title='bbox 309 3542 365 3582; x_wconf 92' lang='lat' dir='ltr'><strong>eos</strong></span> <span class='ocrx_word' id='word_1_210' title='bbox 385 3523 549 3591; x_wconf 87' lang='lat' dir='ltr'><strong>nominare,</strong></span> <span class='ocrx_word' id='word_1_211' title='bbox 569 3521 620 3598; x_wconf 88' lang='lat' dir='ltr'><strong>qui</strong></span> <span class='ocrx_word' id='word_1_212' title='bbox 641 3525 779 3580; x_wconf 86' lang='lat' dir='ltr'><strong>mutasse</strong></span> <span class='ocrx_word' id='word_1_213' title='bbox 803 3519 997 3578; x_wconf 89' lang='lat' dir='ltr'><strong>Donellum</strong></span> <span class='ocrx_word' id='word_1_214' title='bbox 1019 3519 1192 3598; x_wconf 88' lang='lat' dir='ltr'><strong>opinionem</strong></span> <span class='ocrx_word' id='word_1_215' title='bbox 1211 3539 1297 3579; x_wconf 89' lang='lat' dir='ltr'><strong>suam</strong></span> <span class='ocrx_word' id='word_1_216' title='bbox 1317 3541 1363 3579; x_wconf 88' lang='lat' dir='ltr'><strong>re·</strong></span> 
     </span>
     <span class='ocr_line' id='line_1_32' title="bbox 229 3606 1362 3690; baseline -0.002 -16"><span class='ocrx_word' id='word_1_217' title='bbox 229 3615 335 3674; x_wconf 83' lang='lat' dir='ltr'><strong>lerunt.</strong></span> <span class='ocrx_word' id='word_1_218' title='bbox 373 3613 508 3674; x_wconf 83' lang='lat' dir='ltr'><strong>Weber</strong></span> <span class='ocrx_word' id='word_1_219' title='bbox 529 3611 710 3684; x_wconf 87' lang='lat' dir='ltr'><strong>(natiirlicbe</strong></span> <span class='ocrx_word' id='word_1_220' title='bbox 731 3609 997 3672; x_wconf 78' lang='lat' dir='ltr'><strong>Verntnditchlett</strong></span> <span class='ocrx_word' id='word_1_221' title='bbox 1019 3606 1362 3690; x_wconf 62' lang='lat' dir='ltr'><strong>parlamentum.)</strong></span> 
     </span>
     <span class='ocr_line' id='line_1_33' title="bbox 228 3703 1364 3786; baseline -0.004 -19"><span class='ocrx_word' id='word_1_222' title='bbox 228 3705 453 3786; x_wconf 86' lang='lat' dir='ltr'><strong>reprehendere</strong></span> <span class='ocrx_word' id='word_1_223' title='bbox 473 3703 668 3764; x_wconf 87' lang='lat' dir='ltr'><strong>Donellum</strong></span> <span class='ocrx_word' id='word_1_224' title='bbox 690 3724 745 3763; x_wconf 89' lang='lat' dir='ltr'><strong>eos</strong></span> <span class='ocrx_word' id='word_1_225' title='bbox 761 3705 876 3772; x_wconf 84' lang='lat' dir='ltr'><strong>scribit,</strong></span> <span class='ocrx_word' id='word_1_226' title='bbox 897 3703 948 3780; x_wconf 91' lang='lat' dir='ltr'><strong>qui</strong></span> <span class='ocrx_word' id='word_1_227' title='bbox 968 3703 1132 3762; x_wconf 86' lang='lat' dir='ltr'><strong>discrimen</strong></span> <span class='ocrx_word' id='word_1_228' title='bbox 1155 3703 1268 3764; x_wconf 85' lang='lat' dir='ltr'><strong>saciant</strong></span> <span class='ocrx_word' id='word_1_229' title='bbox 1287 3706 1364 3766; x_wconf 86' lang='lat' dir='ltr'><strong>inter</strong></span> 
     </span>
     <span class='ocr_line' id='line_1_34' title="bbox 228 3795 1363 3876; baseline -0.003 -17"><span class='ocrx_word' id='word_1_230' title='bbox 228 3799 372 3860; x_wconf 77' lang='lat' dir='ltr'><strong>infantiae</strong></span> <span class='ocrx_word' id='word_1_231' title='bbox 393 3797 546 3876; x_wconf 85' lang='lat' dir='ltr'><strong>proximos</strong></span> <span class='ocrx_word' id='word_1_232' title='bbox 566 3802 596 3855; x_wconf 89' lang='lat' dir='ltr'><strong>et</strong></span> <span class='ocrx_word' id='word_1_233' title='bbox 610 3797 770 3876; x_wconf 86' lang='lat' dir='ltr'><strong>pubertati.</strong></span> <span class='ocrx_word' id='word_1_234' title='bbox 801 3795 1015 3855; x_wconf 76' lang='lat' dir='ltr'><strong>Areuanias</strong></span> <span class='ocrx_word' id='word_1_235' title='bbox 1036 3795 1293 3874; x_wconf 86' lang='lat' dir='ltr'><strong>(interprett.jur.</strong></span> <span class='ocrx_word' id='word_1_236' title='bbox 1309 3799 1363 3856; x_wconf 89' lang='lat' dir='ltr'><strong>civ.</strong></span> 
     </span>
     <span class='ocr_line' id='line_1_35' title="bbox 229 3885 1362 3972; baseline -0.003 -20"><span class='ocrx_word' id='word_1_237' title='bbox 229 3893 280 3952; x_wconf 86' lang='lat' dir='ltr'><strong>lib.</strong></span> <span class='ocrx_word' id='word_1_238' title='bbox 291 3891 329 3952; x_wconf 89' lang='lat' dir='ltr'><strong>ll.</strong></span> <span class='ocrx_word' id='word_1_239' title='bbox 346 3913 413 3972; x_wconf 89' lang='lat' dir='ltr'><strong>cap.</strong></span> <span class='ocrx_word' id='word_1_240' title='bbox 429 3889 487 3964; x_wconf 78' lang='lat' dir='ltr'><strong>lt.)</strong></span> <span class='ocrx_word' id='word_1_241' title='bbox 504 3893 535 3949; x_wconf 87' lang='lat' dir='ltr'><strong>ei</strong></span> <span class='ocrx_word' id='word_1_242' title='bbox 553 3887 875 3948; x_wconf 86' lang='lat' dir='ltr'><strong>Brunnemannius</strong></span> <span class='ocrx_word' id='word_1_243' title='bbox 892 3891 1063 3962; x_wconf 88' lang='lat' dir='ltr'><strong>(comment.</strong></span> <span class='ocrx_word' id='word_1_244' title='bbox 1080 3887 1108 3944; x_wconf 90' lang='lat' dir='ltr'><strong>in</strong></span> <span class='ocrx_word' id='word_1_245' title='bbox 1125 3885 1219 3948; x_wconf 88' lang='lat' dir='ltr'><strong>Pand.</strong></span> <span class='ocrx_word' id='word_1_246' title='bbox 1233 3887 1304 3948; x_wconf 88' lang='lat' dir='ltr'><strong>adl.</strong></span> <span class='ocrx_word' id='word_1_247' title='bbox 1316 3889 1362 3948; x_wconf 84' lang='lat' dir='ltr'><strong>tl.</strong></span> 
     </span>
     <span class='ocr_line' id='line_1_36' title="bbox 231 3979 1259 4064; baseline -0.002 -22"><span class='ocrx_word' id='word_1_248' title='bbox 231 3983 270 4044; x_wconf 91' lang='lat' dir='ltr'><strong>de</strong></span> <span class='ocrx_word' id='word_1_249' title='bbox 283 3984 373 4042; x_wconf 78' lang='lat' dir='ltr'><strong>eorid.</strong></span> <span class='ocrx_word' id='word_1_250' title='bbox 387 3983 501 4058; x_wconf 87' lang='lat' dir='ltr'><strong>indeb.)</strong></span> <span class='ocrx_word' id='word_1_251' title='bbox 522 3982 722 4064; x_wconf 82' lang='lat' dir='ltr'><strong>posteriorem</strong></span> <span class='ocrx_word' id='word_1_252' title='bbox 747 3979 899 4038; x_wconf 84' lang='lat' dir='ltr'><strong>Donelli</strong></span> <span class='ocrx_word' id='word_1_253' title='bbox 921 3981 1093 4059; x_wconf 89' lang='lat' dir='ltr'><strong>opinionem</strong></span> <span class='ocrx_word' id='word_1_254' title='bbox 1116 3979 1259 4042; x_wconf 84' lang='lat' dir='ltr'><strong>referunt.</strong></span> 
     </span>
    </p>

    <p class='ocr_par' dir='ltr' id='par_1_10' title="bbox 217 4069 1364 4152">
     <span class='ocr_line' id='line_1_37' title="bbox 217 4069 1364 4152; baseline 0.001 -20"><span class='ocrx_word' id='word_1_255' title='bbox 217 4116 221 4121; x_wconf 82' lang='lat'><em>-</em></span> <span class='ocrx_word' id='word_1_256' title='bbox 307 4073 347 4148; x_wconf 74' lang='lat'><strong>¹²)</strong></span> <span class='ocrx_word' id='word_1_257' title='bbox 367 4071 500 4134; x_wconf 87' lang='lat' dir='ltr'><strong>Uberius</strong></span> <span class='ocrx_word' id='word_1_258' title='bbox 522 4073 570 4133; x_wconf 89' lang='lat' dir='ltr'><strong>bic</strong></span> <span class='ocrx_word' id='word_1_259' title='bbox 593 4093 675 4134; x_wconf 83' lang='lat' dir='ltr'><strong>error</strong></span> <span class='ocrx_word' id='word_1_260' title='bbox 695 4073 773 4132; x_wconf 84' lang='lat' dir='ltr'><strong>inira</strong></span> <span class='ocrx_word' id='word_1_261' title='bbox 789 4071 852 4149; x_wconf 76' lang='lat' dir='ltr'><strong>§.a</strong></span> <span class='ocrx_word' id='word_1_262' title='bbox 866 4069 1031 4152; x_wconf 86' lang='lat' dir='ltr'><strong>rejicietur,</strong></span> <span class='ocrx_word' id='word_1_263' title='bbox 1051 4089 1144 4150; x_wconf 84' lang='lat' dir='ltr'><strong>quum</strong></span> <span class='ocrx_word' id='word_1_264' title='bbox 1163 4073 1364 4134; x_wconf 84' lang='lat' dir='ltr'><strong>recentiorum</strong></span> 
     </span>
    </p>
   </div>
   <div class='ocr_carea' id='block_1_8' title="bbox 229 4165 703 4333">
    <p class='ocr_par' dir='ltr' id='par_1_11' title="bbox 229 4165 703 4333">
     <span class='ocr_line' id='line_1_38' title="bbox 229 4165 703 4242; baseline -0.004 -16"><span class='ocrx_word' id='word_1_265' title='bbox 229 4165 357 4226; x_wconf 82' lang='lat' dir='ltr'><strong>ictorum</strong></span> <span class='ocrx_word' id='word_1_266' title='bbox 377 4165 535 4242; x_wconf 84' lang='lat' dir='ltr'><strong>opiniones</strong></span> <span class='ocrx_word' id='word_1_267' title='bbox 555 4165 703 4226; x_wconf 84' lang='lat' dir='ltr'><strong>tractabo.</strong></span> 
     </span>
     <span class='ocr_line' id='line_1_39' title="bbox 308 4254 601 4333; baseline -0.014 -17"><span class='ocrx_word' id='word_1_268' title='bbox 308 4257 349 4333; x_wconf 76' lang='lat'><strong>¹³)</strong></span> <span class='ocrx_word' id='word_1_269' title='bbox 369 4255 406 4316; x_wconf 86' lang='lat' dir='ltr'><strong>cl.</strong></span> <span class='ocrx_word' id='word_1_270' title='bbox 419 4255 483 4333; x_wconf 71' lang='lat' dir='ltr'><strong>tt.</strong></span> <span class='ocrx_word' id='word_1_271' title='bbox 497 4261 557 4316; x_wconf 86' lang='lat' dir='ltr'><strong>not.</strong></span> <span class='ocrx_word' id='word_1_272' title='bbox 574 4254 601 4313; x_wconf 82' lang='grc'><strong>3.</strong></span> 
     </span>
    </p>
   </div>
   <div class='ocr_carea' id='block_1_9' title="bbox 0 0 1446 4976">
    <p class='ocr_par' dir='ltr' id='par_1_12' title="bbox 0 0 1446 4976">
     <span class='ocr_line' id='line_1_40' title="bbox 0 0 1446 4976; baseline 0 0"><span class='ocrx_word' id='word_1_273' title='bbox 0 0 1446 4976; x_wconf 95' lang='lat' dir='ltr'><strong> </strong></span> 
     </span>
    </p>
   </div>
  </div>
 </body>
</html>
