2864 4976
32 615 159 661 eornm
186 593 230 656 de
253 592 294 657 iia
315 589 461 677 legibue,
484 609 573 676 qnae
598 593 738 658 obstare
760 591 916 658 videntur
935 591 1013 660 hnic
1032 604 1172 662 aenan-

4 697 125 776 -tiae‚
150 695 259 760 verba
284 689 375 757 lecit
455 724 459 732 ·
1166 741 1171 750 .

129 794 221 860 Satis
246 813 331 859 vero
358 794 401 856 rle
427 792 549 878 prioris
582 793 744 878 temporis
770 793 848 860 lotia
874 793 1054 860 amenum
1077 796 1170 862 virle-

31 909 104 962 tur.
164 895 240 960 lam
266 895 310 960 ad
335 895 546 959 recentiores
583 913 636 959 me
659 905 874 975 convertam,
906 906 1008 980 atque
1035 896 1114 981 qnid
1133 895 1172 962 bi

33 1001 79 1064 de
106 995 311 1084 pupillorum
333 995 480 1062 naturali
503 994 707 1083 obligatione
732 997 890 1078 sentiant,
913 1005 1095 1083 exponam.
1144 1047 1147 1052 .

554 1253 707 1362 aa.
800 1213 914 1252 “

126 1468 263 1537 Plurimi
289 1487 405 1534 eorum
430 1465 590 1544 landant,
618 1466 708 1552 quod
734 1465 948 1532 Donellus
976 1469 1019 1533 tle
1043 1473 1167 1556 puber-

33 1572 95 1640 tati
119 1571 282 1656 proximis
305 1569 483 1654 proposuit
503 1580 536 1632 et
558 1567 916 1656 Westenbergiua·
942 1589 985 1634 ao
1011 1569 1166 1638 Schul-

34 1673 200 1758 tingiua
229 1672 270 1736 de
294 1669 446 1735 omnibus
473 1667 609 1756 pupillis
636 1679 835 1752 statuerunt,
858 1670 967 1756 ipsum
994 1658 1173 1763 pupillum]

34 1783 185 1858 excepto
209 1792 268 1852 eo,
300 1771 391 1855 quod
424 1771 465 1834 ad
497 1791 571 1834 eum
596 1771 806 1856 pervenerit,
835 1793 902 1836 non
937 1773 1095 1858 obligari,
1123 1797 1167 1842 ne

32 1873 234 1942 naturaliter
260 1873 411 1961 quidem,
437 1871 522 1938 alias
547 1892 631 1938 vero
664 1893 833 1956 personas
858 1871 1017 1960 obligari.
1067 1873 1165 1941 Fide-

28 1979 207 2064 jusscrem
231 1975 317 2040 enim
339 1983 437 2060 recte
462 1975 630 2044 accedere
652 1994 758 2058 possa
783 1975 825 2038 ad
851 1975 966 2060 pupilli
991 1976 1167 2064 obligatio-

32 2099 123 2155 nem,
149 2075 434 2160 expromissorem
455 2095 520 2160 per
536 2073 749 2154 novationem
770 2076 803 2139 in
820 2096 859 2140 se
880 2077 1065 2142 transferre
1091 2099 1165 2144 eam

34 2189 70 2244 et
98 2175 264 2263 pupillum
298 2175 479 2240 novatione
512 2175 611 2240 alium
643 2173 810 2256 liberare,
848 2177 957 2262 ipsum
984 2199 1068 2242 vero
1096 2200 1165 2244 non

33 2278 189 2364 obligari.
220 2279 269 2342 lta
292 2267 497 2362 Weber¹),
524 2267 745 2360 Glueok²)‚
772 2267 1005 2360 Threcum,
1031 2278 1166 2344 Rose-

32 2370 183 2462 hirst),
220 2368 596 2459 Unterholzn'er⁶),
625 2369 976 2460 Christiansen⁶).

113 2477 267 2546 Setinum
280 2482 354 2564 qus
367 2479 565 2548 accessorio
588 2477 791 2566 obligatione
813 2480 919 2546 teneri
942 2490 1057 2568 potest
1075 2482 1165 2568 ptin-

33 2579 138 2667 cipali
160 2582 289 2668 rejecta
298 2572 352 2664 ⁷)‘l
402 2581 525 2646 Nonne
549 2579 603 2648 est
626 2581 846 2648 contradictio
861 2583 893 2646 in
909 2584 1056 2670 adjecto,
1081 2582 1163 2648 fide-

25 2685 154 2770 jubere
177 2681 321 2768 aliquem
342 2702 449 2768 ponae
471 2704 535 2768 pro
555 2703 624 2750 non
641 2673 846 2770 obligato⁸)‘l
872 2683 1054 2769 Obligatio‚
1077 2704 1165 2767 quae

39 2843 249 2858 m

108 2930 135 3004 Ι)
155 2925 331 2990 Natbrltcbe
350 2925 626 2987 Verbindlicblreit.
647 2925 850 3008 p.lbteqq«‘

105 3021 134 3097 ἲ)
156 3019 357 3080 Comntentar.
380 3017 501 3079 nutv.
522 3018 600 3099 pot
613 3037 682 3097 sqq.

105 3114 134 3189 ⁸)
156 3109 332 3172 Pandect'en
352 3111 379 3173 8.
393 3111 471 3172 Aut.
493 3111 517 3190 b.
531 3110 599 3172 4⁶23.

103 3207 133 3281 ⁴)
155 3205 333 3265 Zeitsclniil
355 3204 399 3266 tur
419 3203 512 3266 civit·
532 3205 593 3267 unrl
616 3203 854 3268 Criminnlreeltt.
871 3205 931 3267 Bt.
946 3205 970 3268 l.
989 3206 1162 3290 pllileqq.

25 3299 101 3381 lpse
127 3315 201 3357 vero
222 3295 374 3356 Webari
399 3297 583 3358 sententiam
613 3315 759 3376 perverse
788 3294 954 3369 intellexit,
981 3319 1072 3378 onum
1095 3299 1114 3362 l.
1135 3323 1161 3362 c.

25 3413 57 3473 p.
72 3390 143 3452 131.
171 3409 240 3450 eunt
261 3390 339 3449 inter
358 3388 503 3450 infantiae
524 3395 555 3449 et
574 3389 727 3467 pubertati
749 3391 915 3469 proximum
937 3391 1080 3472 pupillum
1102 3392 1162 3452 dia·

25 3485 143 3545 crimen
163 3481 266 3541 lacere
286 3477 381 3549 dieat,
410 3499 499 3558 quent
520 3497 654 3538 errorem
673 3477 838 3540 Fritaiue
862 3479 1164 3558 quoqoefflrtauto·

25 3593 148 3658 rungen
166 3573 219 3634 lll.
238 3591 266 3653 p.
280 3571 345 3632 att.
364 3579 426 3634 not.
437 3572 496 3648 78.)
518 3574 703 3634 commeruit.

100 3669 130 3743 θ)
155 3664 486 3728 Soboldvarlrtltniase,
511 3663 568 3725 ttd.
579 3663 603 3726 1.
621 3685 653 3746 p.
665 3661 720 3724 157
730 3682 803 3743 sqq.
908 3695 914 3705 ,
945 3699 964 3738 μ

103 3761 134 3834 ⁸)
158 3759 219 3818 Zur
238 3757 343 3820 hebra
371 3777 429 3818 von
454 3759 510 3818 der
531 3757 675 3820 natantis
694 3757 839 3836 obligatio
867 3757 927 3818 und
948 3759 1099 3821 condictio
1118 3763 1162 3823 in·

21 3851 125 3916 debiti
146 3867 178 3929 p.
189 3846 244 3910 ltt
262 3867 332 3930 sqq.
375 3849 458 3912 Dicit
477 3851 598 3929 quidem
621 3850 790 3912 naturalem
815 3849 924 3930 pupilli
946 3851 1163 3930 obligationem
1194 3861 1200 3874 ’

22 3940 256 4025 agnoscendam
277 3961 367 4014 eane,
393 3941 453 4005 aad
478 3941 560 4022 qood
582 3942 624 4006 ad
645 3944 745 4024 iprum
765 3941 912 4026 pupillum
931 3943 1068 4012 aanor,
1089 3941 1161 4006 essa-

21 4037 129 4098 etibue
150 4051 217 4096 eant
240 4055 357 4098 carere.

97 4127 131 4204 ⁷)
160 4125 232 4188 eil.
248 4124 314 4189 178.
331 4125 467 4188 dottt.
488 4123 549 4202 (5⁰
563 4124 637 4202 17).
664 4123 765 4198 Quum
784 4126 1080 4209 principalitatem
1099 4147 1159 4191 nou

21 4217 187 4288 conmutat,
201 4215 427 4302 plemmqaene
440 4239 478 4282 aa
491 4221 627 4302 quidm,
650 4219 1027 4302 patermutilooeoa
1037 4221 1161 4352 babent
1299 4204 1305 4215 ¹

95 4306 185 4384 'ici
198 4307 219 4370 Ι.
230 4307 275 4372 lb
288 4329 334 4392 pr
358 4309 433 4372 tm
445 4309 486 4373 ‹la
499 4310 672 4393 Melatton
686 4309 807 4388 (46.1.)
1024 4339 1026 4342 ·
1091 4357 1094 4366 .
