2864 4976
663 311 917 388 ...20-

137 585 146 602 ,
221 515 322 598 utet)
344 517 430 582 enim
450 513 612 600 pupillum
645 515 772 599 absque
801 523 910 577 tutore
939 492 1191 574 contrahentem
1222 517 1367 574 natura·

220 617 298 683 liter
318 615 458 702 obligari
481 617 622 702 ejusque
645 615 878 701 fidejussorem
896 600 1002 678 teneri
1024 610 1198 694 agnoscit,
1227 611 1298 674 sed
1323 611 1366 674 de

219 718 429 784 obstantibus
449 717 602 780 Neratii
615 730 648 780 et
667 715 817 780 Licinii
840 713 978 777 Rufini
991 712 1103 776 verbis
1115 711 1195 774 nillil
1209 711 1366 794 scripsit

306 816 580 886 De‘Accursli
603 828 636 882 et
661 815 825 880 Martini
850 825 950 899 atque
969 813 1285 896 commeentemia,
1309 812 1366 896 qui

113 979 128 1006 ,
220 918 308 984 inter
329 917 489 1003 pupillam
512 915 763 1002 locupletiorem
792 915 916 980 factum
945 925 978 979 et
999 935 1067 980 non
1088 912 1216 978 factum
1240 912 1367 976 distin·

219 1029 334 1106 gaunt,
357 1015 473 1082 melius
491 1017 715 1082 videturesse
732 1018 915 1093 disserere,
936 1035 1034 1101 qurum
1055 1015 1133 1100 quid
1155 1011 1364 1076 Donellus

219 1129 253 1184 et
274 1117 329 1181 Cu
332 1117 473 1202 jacias
497 1119 621 1200 opinati
643 1120 727 1193 sint,
757 1126 931 1194 tractatur,
955 1115 1017 1178 sed
1040 1113 1094 1178 hic
1117 1133 1228 1197 pauca
1252 1113 1297 1175 tie
1310 1113 1363 1187 iis,

219 1217 275 1302 qui
298 1215 457 1282 infantem
480 1229 537 1281 aut
561 1215 718 1300 pupillum
742 1237 814 1280 cnm
835 1218 909 1300 ipsc
923 1225 1031 1280 tutore
1045 1215 1305 1280 contrahentem
1329 1213 1361 1276 in

218 1319 328 1384 animo
350 1317 510 1381 habuisse
533 1317 734 1381 Licinium
766 1329 799 1382 et
825 1317 1037 1381 Neratium
1067 1325 1194 1400 pmant.
1250 1311 1362 1375 Mani·

218 1418 340 1483 festum
361 1428 424 1501 cst,
445 1416 543 1483 nullo
560 1417 751 1484 morlo'hoc
773 1437 876 1502 posse
899 1416 1046 1502 probari.
1090 1415 1255 1490 Quamvis
1270 1413 1359 1478 enim

215 1517 375 1584 infantem
397 1539 440 1582 ne
469 1519 667 1584 naturaiiter
689 1519 820 1605 quidem
848 1519 989 1604 obligari
1014 1527 1159 1595 constet,
1187 1527 1303 1579 tamen
1325 1515 1357 1580 in

216 1617 384 1686 illicit.
399 1617 558 1682 et'59.cit.
581 1619 647 1681 hoo
668 1641 734 1682 non
756 1631 808 1684 est
830 1621 965 1699 dictum,
986 1619 1109 1704 quippe
1127 1635 1215 1702 quae
1238 1616 1282 1680 tle
1296 1635 1356 1698 pu·

217 1715 316 1801 pillis,
338 1737 405 1780 non
430 1717 471 1780 de
495 1715 677 1782 infantibus
697 1715 874 1799 loquantur
896 1728 930 1781 et
952 1715 1109 1800 pupilium
1128 1736 1203 1780 eum
1219 1733 1355 1798 quoque

217 1837 309 1894 esse,
327 1817 383 1902 qui
401 1816 573 1882 infantiam
591 1818 773 1902 superavit,
793 1819 812 1882 i.
827 1839 855 1882 e.
879 1819 934 1902 qui
956 1817 1130 1901 septimum
1153 1827 1278 1878 annum
1298 1815 1355 1876 im·

216 1917 330 2002 plevit‚
355 1918 428 2003 quis
451 1927 519 1998 est,
542 1919 597 2002 qui
620 1917 774 1982 nesciat?

300 2017 418 2102 Neque
440 2019 546 2103 magis
568 2017 1030 2092 NeratiusautLicinius
1046 2016 1224 2090 Rufinus
1242 2016 1352 2098 depu-

208 2116 296 2203 ,pitto
318 2117 420 2183 locuti
442 2131 531 2193 sunt,
555 2121 609 2205 qui
633 2141 732 2208 quum
754 2119 869 2204 plures
887 2129 1016 2183 tutores
1034 2119 1186 2202 haberet,
1210 2139 1288 2182 cum
1306 2116 1352 2181 al·

216 2230 289 2284 tero
313 2238 428 2282 eorum
452 2213 629 2298 contraxit,
660 2217 766 2284 altero
789 2217 879 2282 haurd
902 2217 1065 2301 adhibito,
1093 2237 1202 2302 neque
1225 2219 1269 2282 de
1290 2239 1352 2303 pun

214 2317 307 2403 pillo,
331 2321 385 2403 qui
408 2318 469 2384 soli
493 2319 593 2384 tutori
614 2318 738 2404 aliquid
760 2319 922 2403 promisit,
944 2319 1005 2382 sed
1020 2315 1177 2401 pupillum
1192 2320 1225 2382 in
1240 2319 1350 2382 animo

214 2415 377 2494 habuere,
400 2420 466 2502 qui,
480 2421 629 2501 quamvis
643 2429 732 2484 tutor
751 2421 780 2482 ei
795 2431 899 2496 essct,
922 2429 1031 2482 tamen
1052 2417 1125 2482 sine
1147 2415 1221 2504 ejus
1233 2429 1351 2482 aucto·

213 2517 312 2582 ritate
334 2537 410 2580 cum
434 2528 597 2583 extraneo
622 2521 798 2586 contraxit,
845 2518 971 2582 Verum
993 2518 1091 2580 etiam
1114 2518 1143 2580 si
1167 2538 1277 2582 casum
1297 2515 1344 2578 le·

213 2639 290 2706 gum
312 2618 378 2684 citt.
403 2619 447 2682 ita
469 2618 713 2702 acciperem,
733 2619 899 2704 quomodo
918 2638 1031 2682 earum
1054 2618 1272 2702 glossatorem
1293 2627 1346 2678 ta·

215 2739 289 2783 men
323 2721 424 2805 quod·
450 2741 492 2785 ex
515 2741 556 2784 eo
592 2720 771 2805 coliigunt,
803 2719 901 2804 plane
922 2717 1043 2784 falsum
1065 2719 1237 2784 videretur
1256 2737 1346 2782 esse.

211 2819 363 2904 Namque
384 2820 413 2884 si
434 2820 580 2904 pupillus
602 2841 675 2886 cum
699 2821 774 2904 ipso
796 2830 906 2896 tutore
922 2819 1100 2902 contrahit,
1120 2840 1188 2884 non
1205 2829 1271 2900 est,
1288 2838 1348 2882 cur

212 2919 280 2984 hoc
303 2920 471 3002 negotium
494 2919 581 2984 aliud
598 2921 686 3005 juris
709 2921 853 2998 habeat,
879 2941 921 3006 ac
949 2921 978 2986 si
1000 2919 1145 3004 pupillus
1167 2921 1239 2985 sine
1262 2931 1348 2984 tuto·

211 3019 259 3082 ris
282 3019 480 3082 auctoritate
510 3041 585 3083 cum
608 3033 771 3085 extraneo
798 3023 1036 3102 contraxerit„
1072 3019 1178 3084 Tutor
1207 3020 1283 3103 ipse
1314 3019 1346 3082 in

210 3117 354 3183 solidum
378 3117 543 3202 obligatur
565 3119 722 3196 civiliter,
745 3117 892 3202 pupillus
912 3141 995 3184 vero
1017 3119 1125 3184 solum
1147 3120 1235 3196 inid,
1256 3117 1345 3204 quod

208 3217 446 3302 locupletatior
460 3217 571 3284 factus
588 3230 650 3301 est,
674 3239 729 3282 ex·
740 3219 814 3303 jure
831 3219 916 3284 civili
930 3232 962 3284 et
974 3219 1171 3284 naturaliter
1187 3222 1222 3284 iu
1235 3239 1344 3300 omne,

209 3318 299 3403 quod
329 3317 438 3384 debet.
490 3317 638 3384 Civiliter
665 3320 751 3384 enim
776 3319 921 3405 pupillus
953 3343 994 3384 ex
1023 3321 1186 3404 ejusmodi
1208 3321 1344 3408 negotio

208 3437 312 3500 supra
336 3419 381 3497 id,
404 3420 494 3505 quod
516 3420 560 3483 ad
582 3439 656 3484 eum
680 3421 842 3505 pervenit,
865 3420 1005 3504 obligari
1028 3422 1153 3504 nequit,
1174 3443 1272 3506 quum
1296 3419 1343 3483 le·

208 3519 306 3600 gibus
330 3521 467 3584 vetitum
491 3521 551 3600 sit,
573 3541 615 3586 ne
638 3532 727 3586 tutor
746 3521 778 3585 in
802 3543 871 3584 rem
894 3542 989 3586 suam
1012 3533 1130 3584 auctor
1147 3521 1250 3602 liatl),
1280 3523 1342 3584 sed

207 3615 406 3683 naturaliter
428 3641 501 3684 eum
525 3622 666 3708 obligari
689 3635 843 3708 apparet,
866 3633 899 3687 et
919 3621 1151 3698 Bartolus⁶l
1184 3641 1268 3685 sane
1290 3623 1342 3685 cr·

207 3729 270 3796 rat,
294 3740 393 3804 quum
418 3731 523 3805 putet,
545 3743 588 3788 ne
608 3735 730 3790 natura
752 3724 882 3810 quidem
909 3745 981 3790 eum
1004 3719 1147 3808 debere,
1178 3723 1266 3810 quod
1289 3731 1341 3786 tu-

216 3875 421 3892 m

204 4043 245 4106 Η
270 3956 310 4106 ἐξ
321 3957 453 4122 >Summa
473 3958 503 4018 in
523 3957 678 4019 codicem.
694 3957 754 4020 Tit.
769 3959 809 4022 de
828 3959 949 4020 arbitria
970 3953 1341 4036 (unumunurm

217 4065 255 4106 ⁰⁰
311 4088 319 4105 ⁸
337 4089 345 4107 ⁸
1239 4058 1242 4066 ,

279 4135 305 4212 ⁸)
326 4135 345 4196 Ι.
359 4136 385 4198 Ι.
396 4157 443 4218 pr.
465 4138 483 4197 Ι.
495 4139 523 4198 5.
536 4159 580 4220 pr.
593 4141 633 4202 tle
648 4147 728 4202 auct.
745 4147 799 4204 tut.
812 4140 871 4218 (Ni.
882 4141 940 4218 8.).

278 4227 304 4304 ⁶)
324 4227 363 4291 td
376 4229 395 4290 l.
406 4229 432 4290 l.
446 4230 485 4291 de
494 4237 607 4294 novati.
621 4233 683 4308 (46.
697 4234 747 4308 2.).
