2864 4976
1413 161 1414 236 l

250 535 283 600 ln
308 537 417 600 medio
439 535 614 621 relinquet,
638 547 745 604 utrum
759 541 887 624 exjure
903 538 990 604 civili
1003 548 1130 606 tantum
1144 539 1289 624 pupillus
1315 541 1387 606 sine

250 646 358 700 tutore
380 637 579 721 promittens
601 659 667 704 non
688 639 870 723 obligetur,
894 659 1026 706 annec
1043 641 1385 724 naturaliter,·tamen
1413 625 1414 690 ἶ

248 737 385 819 saepius
396 745 426 816 ⁴)
448 751 571 823 (neque
593 739 659 803 lroo
680 737 875 804 Brinnius
896 749 1013 822 negat)
1036 741 1159 804 dietum
1183 753 1253 820 est,
1280 740 1383 828 pnpil·
1413 729 1414 814 l

248 835 328 914 lum,
348 839 402 924 qui
425 840 498 902 sine
514 851 623 902 tutore
643 837 785 904 alienum
808 841 951 906 debitum
964 841 1115 916 novarit,
1139 841 1281 906 alterum
1307 842 1382 906 libe·
1413 819 1414 912 l

248 957 326 1001 rare
347 951 380 1002 et
396 959 475 1004 sese
491 940 597 1020 ipsum
617 938 811 1004 naturaliter
824 941 989 1026 obligare.
1036 941 1123 1014 Quid
1138 942 1251 1006 enim?
1272 962 1380 1008 nonne
1413 921 1414 948 ¹

248 1038 410 1122 ejusmodi
434 1039 568 1102 novatio
595 1051 647 1102 est
669 1039 872 1122 promissio?
898 1041 1092 1104 Brinnius
1115 1043 1250 1126 quidem
1273 1053 1380 1129 negat,

247 1155 358 1220 quum,
379 1137 409 1200 si
431 1136 574 1220 pupillus
598 1140 768 1222 proprium
791 1141 935 1204 debitum
958 1155 1075 1218 novet,
1098 1161 1164 1205 non
1190 1145 1311 1223 dorset,
1330 1144 1378 1207 sin
1413 1185 1414 1212 l

246 1245 357 1299 autem
369 1236 523 1312 alienum,
545 1240 575 1302 iu
596 1239 772 1304 creditoris
786 1259 933 1323 persona
955 1240 1072 1304 saltem
1088 1263 1153 1306 noer
1174 1244 1217 1306 sit
1238 1243 1379 1308 donutio.

246 1334 315 1400 Sed
340 1338 417 1421 quid
439 1337 524 1402 haee
549 1341 683 1402 novatio
707 1359 779 1400 curn
803 1339 1005 1404 dannatione?
1040 1343 1122 1406 Num
1149 1343 1224 1406 sola
1248 1344 1378 1408 donatio
1413 1349 1414 1368 ³

246 1449 298 1504 est
320 1438 522 1521 promissio?
1074 1515 1075 1519 Ἰ

333 1539 515 1604 Praeterea
539 1549 655 1604 contra
678 1537 845 1602 Brinzii
867 1539 1054 1622 opinionem
1078 1541 1377 1626 idem-dicipotest‚

245 1641 471 1723 qoodoontra
494 1637 1015 1704 WeberumetGlueckium
1041 1641 1161 1706 diemm
1194 1645 1304 1727 esti).
1345 1627 1376 1704 Si
1413 1665 1414 1712 t

190 1757 193 1764 ’
245 1741 331 1802 enim
357 1759 399 1803 ex
423 1739 642 1822 promissione
663 1739 919 1824 fidejussoribus
941 1738 1097 1802 adhibitis
1118 1741 1227 1806 solum
1247 1741 1374 1827 fidejus·

245 1857 375 1916 sorem,
397 1837 554 1923 pupillum
578 1859 660 1904 vero
682 1860 748 1902 non
769 1837 909 1923 obligari
930 1839 1128 1923 diceremus
1151 1844 1375 1906 accessorium

245 1939 479 2023 obligationem
510 1943 764 2014 statuissemus,
794 1939 948 2022 quamvis
978 1939 1175 2028 principalis
1208 1941 1298 2006 nulla
1327 1942 1375 2016 sit,

244 2042 332 2125 quod
355 2062 489 2117 vereor,
511 2059 554 2104 ne
568 2063 639 2104 non
664 2040 770 2124 possit
794 2039 941 2120 probari.
1183 2097 1186 2102 .

326 2137 1372 2210 EtiamverbaLiciniiRufiniinl.59deO.etA.conciliari

244 2263 347 2326 posse
369 2265 443 2308 cum
466 2244 588 2306 ceteris
620 2240 820 2326 pupillorum
848 2238 1032 2304 naturalem
1057 2241 1294 2324 obligationem
1313 2255 1371 2306 tra·
1413 2293 1414 2324 p

243 2344 410 2407 mantibus
433 2336 564 2428 legibus
584 2353 677 2424 putat
702 2341 913 2404 Brinzius.
944 2339 1008 2404 -Ex
1029 2341 1161 2426 legibus
1186 2345 1274 2408 enim
1293 2345 1318 2408 l.
1332 2341 1371 2404 lo·

244 2441 449 2523 natiuae.)
466 2454 500 2506 et
512 2441 582 2504 126.
596 2443 623 2528 §.
637 2441 665 2504 2.
681 2442 722 2504 de
740 2440 779 2505 V.
796 2441 836 2504 0.
851 2440 974 2524 (45.1.)
990 2443 1237 2506 consentientia
1248 2445 1330 2507 inter
1338 2459 1372 2506 se
1413 2519 1414 2526 ἵ

244 2542 315 2608 lieri
343 2546 429 2608 dieta
449 2544 593 2608 lotorum
618 2553 735 2606 censet
756 2541 796 2624 ⁶).
840 2543 990 2626 Namque
1009 2541 1166 2608 Paulus
1194 2547 1242 2608 ait
1263 2546 1294 2610 in
1311 2543 1330 2606 l.
1345 2542 1370 2604 1.

245 2646 346 2710 locati
416 2666 421 2682 ·
1413 2631 1414 2708 l

409 2729 543 2794 Locutio
567 2735 598 2790 el
618 2725 812 2804 conductio,
844 2748 945 2819 quum
972 2725 1137 2788 naturalis
1155 2727 1199 2788 sil
1226 2737 1259 2790 et
1279 2725 1370 2790 omni·

408 2831 634 2918 umpentium,
658 2849 727 2892 non
750 2827 876 2906 verbis,
898 2825 962 2890 sed
974 2846 1143 2891 consensu
1163 2829 1370 2907 contrahitur,
1413 2829 1414 2910 j

407 2933 495 2994 sicut
517 2932 639 3014 emptio
663 2940 696 2993 et
718 2927 889 3004 venditio5'

244 3031 451 3113 atque'idem
475 3032 601 3096 Paulus
623 3031 654 3094 in
678 3016 944 3120 l.126.§u.'de
963 3027 1002 3094 V.
1018 3027 1057 3091 Ο.
1413 3031 1414 3092 l

331 3179 335 3186 ,
410 3168 448 3180 -
473 3134 604 3218 quoties
628 3135 803 3214 pecuniam
827 3143 970 3194 mutuam
994 3131 1133 3208 dantes,
1157 3127 1369 3193 eandemsti-

411 3231 575 3316 pulamur,
612 3251 678 3296 non
709 3232 796 3298 duae
828 3230 1050 3315 obligationes
1074 3241 1280 3314 naseuntur,
1315 3225 1369 3292 sed

410 3353 474 3398 una
512 3333 700 3396 verborum.
755 3332 859 3396 Plane
900 3333 929 3394 si
961 3332 1146 3416 praecedat
1179 3330 1367 3418 numeratio,
1413 3359 1414 3420 p

408 3446 569 3522 sequatur
591 3433 779 3514 stipulatio,
813 3453 879 3498 non
904 3445 956 3497 est
979 3433 1176 3522 dicendum,
1206 3447 1368 3498 recessum

408 3561 430 3604 a
450 3536 601 3602 naturali
623 3534 828 3623 oblipntione.
1213 3593 1215 3603 ,
1413 3531 1414 3558 ³

327 3635 479 3721 Apparet
511 3638 673 3702 Paulum
701 3635 904 3700 locationem
936 3645 969 3698 et
1000 3634 1256 3698 conductionem
1277 3645 1367 3717 ,atque
1413 3635 1414 3692 ἶ

243 3735 440 3820 emptionem
464 3749 497 3805 et
519 3741 742 3803 venditionem
768 3737 954 3819 eodemque
978 3737 1077 3799 modo
1102 3748 1249 3800 mutuum
1272 3749 1368 3820 oppo-

245 3894 448 3914 -ἡ-ι-κ-μ-ι--ῇ

249 4011 254 4018 -
296 4071 298 4079 J
313 3997 349 4070 a)
364 3996 388 4074 ᾗ
401 3995 430 4057 3,
446 3995 467 4056 1,
475 3993 554 4076 quib.
563 3993 642 4054 mod.
656 3992 717 4055 toti.
728 3991 768 4068 (3.
783 3991 853 4066 29).
893 3988 1021 4070 Gaj.lll·
1035 3987 1099 4050 176.
1113 3989 1170 4052 l·l.
1183 3989 1210 4068 ᾗ
1226 3989 1251 4056 l·
1266 3991 1306 4056 de
1322 4004 1366 4048 ⁸⁰·

240 4090 313 4145 vall.
328 4087 385 4158 (46.
399 4091 449 4163 2¹).
1043 4129 1047 4139 ·

293 4177 507 4253 '⁶)cl.§.9.¹
570 4195 574 4208 ¹

316 4270 342 4349 θ)
362 4269 415 4328 l.o.
424 4289 452 4346 p.
463 4267 507 4326 15.
522 4275 581 4327 not·
589 4269 635 4330 21.
