2864 4976
500 391 751 469 -59-

104 637 107 644 ¹
129 597 295 692 'iniquum
321 605 463 672 ior-sim
486 618 521 670 ot
544 627 650 692 grave
670 608 838 684 rideatur,
860 608 904 670 ab
929 606 1037 670 altero
1059 615 1185 670 tantum

54 707 324 774 contrahentium
357 709 621 793 praestationem
653 709 751 795 ejus,
780 710 869 792 quari
897 709 1072 786 marcuit,
1105 708 1186 791 peti,

54 811 154 874 alteri
180 809 261 874 nihil
283 807 485 874 solvendum
510 827 608 888 esse,
640 811 792 894 quamvis
820 809 1007 874 adversarii
1033 819 1187 893 praesta»

54 915 181 978 tionem
195 911 352 996 accipiat.
405 909 475 974 Seri
496 910 597 975 valde
619 911 815 975 ‹leminuitur
836 911 904 976 hoc
924 921 1026 994 atque
1054 909 1187 987 lenitur,

55 1033 170 1098 quum,
197 1013 286 1096 quod
305 1033 415 1096 supra
435 1013 665 1098 exposuimus,
691 1011 887 1078 naturaliter
902 1024 1015 1077 maren
1037 1008 1186 1097 pupillus

55 1115 236 1199 obligetur,
264 1113 361 1178 alteri
382 1114 491 1199 igitur,
519 1115 574 1198 qui
602 1135 676 1178 cum
703 1134 745 1178 eo
769 1115 990 1192 contraxerit,
1014 1111 1188 1197 enoaprio·

55 1237 119 1280 nes
152 1203 429 1304 competaut¹³).'
461 1216 665 1286 Praesertim
693 1235 794 1302 quum
821 1213 990 1302 pupillus,
1015 1225 1050 1277 ut
1076 1213 1188 1278 solvat

55 1317 162 1394 alter,
196 1318 285 1404 quod
320 1318 462 1396 debeat,
501 1318 586 1402 egit,
605 1317 791 1402 ·quamvis‚
825 1318 914 1402 quod
941 1315 1027 1396 ultra
1054 1316 1187 1398 debeat,

57 1428 293 1504 praestaturus
320 1439 388 1484 uon
416 1419 478 1498 sit,
510 1419 652 1484 munitus
686 1428 738 1486 est
769 1439 849 1487 reus
883 1417 1084 1508 exceptione
1119 1435 1188 1482 nou

56 1517 228 1603 adimpleti
255 1529 462 1598 contractuS,
487 1530 523 1582 ut
547 1521 640 1609 ajam
661 1519 869 1590 recentiores
894 1519 971 1597 lcti,
999 1538 1062 1602 per
1091 1537 1189 1604 quam

56 1620 89 1684 in
118 1619 258 1684 solidum
285 1631 532 1685 consecuturus
554 1632 620 1699 est,
647 1622 737 1705 quod
763 1621 828 1704 ipsi
852 1623 1003 1684 debetur.
1058 1619 1188 1692 Quodsi

58 1723 144 1786 enim
169 1722 351 1786 Brandis
377 1722 409 1784 in
428 1721 449 1785 l.
465 1723 495 1787 3.
513 1721 542 1808 ᾗ
553 1723 585 1785 4.
602 1724 643 1786 de
658 1743 734 1807 neg.
751 1733 836 1808 gest.
860 1734 893 1787 et
913 1723 946 1786 in
966 1719 1062 1784 Pauli
1083 1722 1189 1784 verba

58 1826 158 1888 modo
183 1821 286 1886 allata
309 1822 415 1886 haec:
678 1809 682 1814 ’
757 1813 761 1818 ’

224 1966 268 1977 -
287 1939 327 1992 ut
346 1929 468 1992 scilicet
488 1931 554 2016 ipse
576 1953 644 1992 non
666 1939 837 2008 teneatur,
863 1929 921 1994 sed
944 1939 1060 2018 aperite
1080 1951 1117 1992 eo
1137 1951 1189 1992 rc-

194 2023 197 2030 ’
226 2030 385 2092 tentiones
407 2039 605 2117 competunt.

59 2139 153 2204 nisus
175 2150 300 2204 tantum
326 2142 359 2204 in
386 2143 476 2226 quod
502 2141 705 2226 locupletior
731 2139 842 2204 faetus
871 2152 924 2204 est
942 2137 1101 2223 pupillus,
1130 2159 1189 2204 ex·

61 2240 234 2324 ceptiones
258 2263 332 2306 eum
358 2243 427 2326 pati
452 2254 557 2327 putet,
584 2243 616 2305 id
637 2244 707 2327 jam
729 2263 834 2325 supra
855 2239 1025 2306 refellisse
1044 2237 1120 2303 mihi
1140 2242 1189 2306 vi·

61 2343 157 2405 deor.
208 2342 250 2405 Et
276 2343 344 2408 hoc
371 2354 443 2422 est,
476 2345 509 2407 in
537 2352 613 2427 qoo'
632 2343 845 2407 dissentimus
869 2345 912 2407 ab
939 2341 996 2404 illa
1020 2342 1189 2425 opinione,

61 2463 162 2526 quam
196 2443 375 2510 Brandis
416 2445 458 2509 dc
498 2443 699 2530 pupillorum
743 2443 1007 2510 claudicantibus
1045 2445 1189 2532 negotiis

61 2543 208 2628 protulit.

566 2843 601 2940 §-
628 2779 688 2916 ra.

138 3089 275 3168 Restat,
298 3098 345 3168 ut,
372 3089 463 3174 quod
485 3089 620 3154 uberius
645 3089 744 3154 ruodo
768 3091 809 3155 de
832 3091 1033 3179 pupillorum
1045 3095 1190 3161 naturali

64 3189 268 3277 obligatione
296 3191 450 3274 exposui,
476 3192 595 3276 paucis
625 3191 841 3258 concludam:

170 3291 200 3354 l.
233 3291 286 3356 Ex
310 3292 466 3356 delicto
491 3293 657 3377 pupillus,
690 3294 719 3358 si
745 3295 969 3378 quidemdoli
998 3318 1109 3382 capax
1135 3299 1191 3379 sit,

63 3403 166 3477 atque
191 3395 259 3458 ubi
293 3413 342 3457 ex
371 3413 414 3456 re
442 3395 557 3457 actio
587 3394 723 3473 venit,
758 3398 837 3461 rite
862 3397 1099 3481 obligatur,
1133 3399 1191 3463 ita

62 3505 104 3559 ut
128 3495 354 3559 conveniri
382 3495 535 3578 possit.

168 3595 199 3657 2.
226 3597 305 3660 Item
330 3593 521 3660 civiliter
543 3593 761 3680 obligatur
785 3596 946 3680 pupillus,
969 3599 1118 3682 quisine
1140 3611 1193 3664 tu-

63 3705 138 3758 tore
167 3698 351 3776 contraxit,
376 3698 426 3761 ita
459 3707 496 3762 ut
519 3699 574 3782 agi
598 3698 631 3761 in
661 3717 735 3761 eum
762 3701 892 3782 possit,
924 3697 963 3763 in
991 3713 1193 3784 quantum

62 3791 332 3882 locupletior
358 3797 504 3863 factus
533 3809 610 3863 est.

62 3961 272 3976 *-

142 4043 181 4118 ι1)
209 4044 261 4104 Sin
284 4051 383 4106 tameo
402 4047 431 4105 ei
459 4065 518 4104 non
539 4045 680 4114 satisfiat,
701 4063 776 4105 suae
798 4045 896 4124 ipsius
913 4045 1119 4124 negligentiae
1138 4049 1194 4108 im·
1245 4120 1247 4127 y
1351 4045 1354 4052 ’

62 4135 227 4215 putandum
244 4144 304 4206 est,
325 4156 415 4216 quum
436 4137 476 4198 ad
494 4139 594 4217 ipsum
615 4138 800 4214 pertinuerit,
820 4145 853 4196 ut
869 4143 1002 4223 tutorem
1021 4141 1048 4198 io
1072 4147 1195 4203 ronna·

63 4226 164 4289 haudo
187 4227 340 4290 adhibeat.
370 4228 388 4289 Ι.
401 4227 445 4290 13.
464 4228 525 4306 §.2
545 4229 584 4289 de
598 4225 633 4289 P.
648 4233 686 4290 A.
707 4227 746 4305 (6.
759 4229 814 4305 2.).
837 4227 892 4289 t7.
907 4229 932 4308 ᾗ.
946 4229 973 4290 2.
992 4229 1030 4290 da
1053 4232 1121 4294 inst.
1134 4240 1194 4295 aet.

0 4307 1 4314 ¹
64 4320 121 4394 (lt.
131 4320 184 4395 a).
201 4320 219 4381 Ι.
232 4319 281 4382 27.
295 4320 335 4381 de
348 4326 442 4382 contr.
457 4327 550 4402 empt.
567 4319 626 4396 (18.
638 4319 685 4397 1.).
707 4321 724 4382 l.
738 4320 782 4382 19.
796 4341 839 4402 pr.
856 4319 895 4383 da
906 4321 985 4384 ΙΝ.
1008 4321 1070 4398 (50.
1085 4323 1154 4399 ln).
1243 4369 1244 4372 η
