2864 4976
719 367 973 442 -16—

286 568 351 634 lum
373 569 446 636 sine
466 570 587 634 tutoris
609 570 807 635 auctoritate
838 590 911 634 curu
933 567 998 634 alio
1020 568 1295 648 contrahentem,
1333 591 1411 634 nam·

286 689 352 756 quc
375 690 432 734 res
452 669 528 753 ipsa
551 669 721 752 postulare
742 671 888 747 videtur,
917 681 952 734 ut
976 668 1095 734 saltem
1123 669 1317 734 naturalem
1342 673 1411 735 obli·

285 771 452 856 gationem
481 789 723 854 agnoscamus,
755 769 809 832 ubi
838 769 881 832 ob
910 767 1075 836 delectum
1101 767 1275 836 formalem
1318 770 1410 836 civilis

288 957 492 974 ...ψ-...-

283 1073 447 1136 tbdrulicha
469 1071 683 1133 Verbdltnisso
713 1071 770 1133 des
798 1071 1012 1150 Klagrecbts“.
1050 1071 1205 1133 Omittltur
1224 1073 1276 1134 bic
1301 1077 1408 1154 quiden

284 1167 380 1248 prima
399 1166 534 1246 species,
554 1183 643 1244 qnam
663 1165 855 1225 Savinins
878 1164 935 1224 boc
955 1164 1021 1224 loco
1041 1164 1211 1226 habendam
1239 1173 1348 1246 putat,
1378 1171 1407 1227 in

282 1261 368 1338 justa
388 1258 539 1320 absolutio
559 1259 621 1318 reri
642 1257 807 1326 debitoris,
835 1273 926 1334 quum
947 1257 977 1316 in
998 1255 1057 1316 boc
1077 1275 1152 1317 casu
1172 1261 1406 1337 omnem'itaqur

285 1355 376 1414 etiam
396 1349 561 1412 naturalem
582 1350 798 1428 obligationem
819 1347 915 1408 deleri
935 1367 1079 1410 censeam
1104 1347 1405 1427 [cll.13.quib.mod.

284 1439 583 1525 pigusolnibbbp.
625 1440 675 1502 cui
704 1459 761 1500 non
793 1441 917 1499 obstant
939 1438 956 1498 l.
966 1437 1018 1500 60.
1035 1439 1075 1499 da
1092 1439 1179 1499 cond.
1193 1441 1405 1518 indcbdlbii).

284 1532 491 1614 etlifloodl.
530 1533 661 1594 Restant
680 1533 772 1611 igitur
784 1537 908 1592 tantum
933 1533 1132 1612 praescriptio
1152 1534 1287 1594 actionis
1310 1537 1340 1594 in
1354 1555 1405 1614 por·

284 1647 392 1690 sonam
413 1633 444 1686 et
466 1623 549 1696 illud,
570 1624 675 1701 „qnod
695 1625 826 1701 quisque
841 1623 921 1703 juris
938 1625 968 1682 in
981 1623 1106 1684 alterum
1119 1627 1273 1696 statuerit,
1299 1633 1334 1686 ut
1351 1629 1404 1706 ipso

286 1721 395 1781 eodem
411 1719 481 1794 jure
501 1718 645 1790 cuturn.

361 1807 482 1880 Quodsi
501 1813 588 1888 putat
608 1807 795 1877 Brinzius,
820 1825 960 1876 causam,
987 1826 1027 1868 ex
1049 1825 1109 1886 qna
1128 1808 1285 1868 naturales
1308 1809 1397 1886 obliga

285 1905 396 1972 tiones,
407 1901 542 1979 quamvis
556 1901 606 1977 agi
617 1917 656 1958 ex
669 1899 706 1957 iis
718 1917 777 1956 non
790 1899 898 1978 possit,
919 1904 1019 1958 tamen
1032 1918 1089 1957 non
1102 1899 1192 1978 plane
1203 1902 1402 1979 reprobentur,

285 2003 317 2057 et
334 1997 366 2054 in
380 1995 500 2053 ratione
513 2009 587 2050 essa
606 1996 638 2052 et
651 1991 679 2050 in
700 1991 852 2068 aequitate
872 1989 1069 2069 (p.lti.sqq.),
1082 2009 1140 2050 non
1162 2011 1294 2070 prorsus
1310 1993 1403 2053 falson

285 2088 405 2150 ridetur
424 2083 600 2164 protulisse,
621 2103 687 2143 uam
707 2083 816 2143 ultimo
836 2082 958 2159 quidem
977 2103 1087 2152 rouro,
1108 2102 1161 2142 cur
1176 2083 1295 2162 injure
1318 2104 1403 2162 quan-

285 2199 373 2260 qnam
394 2174 571 2256 imperfecte
590 2180 807 2252 agnoscantur,
827 2193 867 2234 ex
887 2173 935 2234 iris
955 2173 1073 2234 duobus
1095 2175 1186 2234 rebus
1210 2176 1344 2254 intelligi
1354 2184 1403 2256 pot·

285 2279 354 2340 est,
374 2267 431 2330 sed
447 2268 513 2346 jam
534 2273 565 2326 ut
584 2267 646 2326 dixi
662 2265 735 2324 nibil
754 2267 814 2326 nisi
833 2266 937 2324 ultima
953 2285 1058 2334 causa,
1076 2267 1147 2344 quia
1165 2285 1254 2326 omne
1270 2270 1330 2347 jus
1345 2288 1403 2330 csse

286 2362 410 2430 desiuit,
431 2361 459 2420 si
475 2361 552 2417 ratio
573 2364 605 2416 et
626 2359 765 2434 aequitas
786 2357 938 2426 tolluntur,
958 2361 991 2416 et
1009 2358 1254 2437 quiapraecipne
1272 2360 1332 2437 jus
1345 2379 1403 2438 gen·

286 2457 359 2516 tium
379 2451 551 2531 oppositum
569 2449 640 2526 jure
659 2449 738 2508 civili
760 2451 788 2508 in
812 2449 851 2508 iis
870 2449 980 2507 nititur.
1021 2448 1053 2508 ld
1073 2454 1185 2518 autem,
1204 2449 1287 2526 quod
1311 2452 1403 2511 Sari·

285 2547 370 2607 nius
390 2542 448 2602 bac
469 2539 507 2597 de
526 2556 559 2597 re
575 2538 697 2617 protulit
709 2541 827 2598 omnino
846 2557 904 2596 non
918 2541 946 2599 ei
967 2542 1144 2600 contrarium
1164 2545 1221 2600 est.
1258 2539 1316 2601 llle
1333 2501 1410 2602 catal

283 2659 342 2700 uon
372 2635 506 2696 ultimam
529 2629 607 2690 banc
626 2648 749 2689 causam
776 2631 926 2707 respexit,
953 2652 1005 2692 cnr
1026 2633 1081 2712 jus
1105 2633 1238 2710 gentium
1259 2585 1409 2708 quasdanl

284 2729 486 2808 obligationes
511 2730 543 2783 ut
568 2721 725 2782 naturales
757 2727 920 2797 agnoscat,
954 2724 1011 2784 sed
1044 2726 1122 2784 satis
1147 2725 1208 2784 sibi
1229 2723 1339 2784 habuit
1367 2747 1402 2794 co

284 2820 367 2902 quod
383 2820 437 2896 jus
457 2817 589 2894 gentium
615 2833 670 2874 eas
700 2818 809 2873 tuetur.
850 2811 974 2874 Minime
996 2817 1084 2894 igitur
1103 2815 1281 2875 Brinzius
1302 2795 1407 2878 retuul

284 2915 343 2982 rit,
364 2911 442 2970 banc
462 2927 600 2978 causam,
621 2907 652 2966 id
673 2904 752 2983 quod
774 2903 959 2965 Savinius
980 2905 1058 2974 vult,
1081 2909 1112 2964 in
1131 2927 1168 2966 eo
1188 2908 1313 2978 inesse,
1333 2909 1406 2987 quodl

282 3009 337 3088 jus
349 3003 483 3082 gentium
496 2999 592 3076 etjus.
607 2997 695 3056 civile
714 3017 773 3056 uon
790 2996 881 3076 plano
897 3005 1065 3076 congruunt
1084 2999 1341 3077 („mangelbaftes
1356 3003 1405 3061 an

283 3089 534 3158 sammcnwirlren
560 3107 619 3146 von
639 3089 693 3166 jus
716 3090 849 3164 gentium
870 3090 930 3150 uod
946 3092 1001 3170 jus
1021 3091 1153 3166 civile“).
1193 3091 1228 3150 Si
1254 3091 1346 3169 igitur
1373 3095 1404 3154 erl

279 3191 351 3266 jure
373 3182 505 3262 gentium
525 3186 557 3241 et
577 3199 616 3239 ex
631 3179 702 3257 jure
722 3179 802 3239 civili
822 3185 941 3240 constat
961 3181 1172 3258 obligationem
1194 3201 1286 3252 esse,
1305 3186 1356 3262 agi
1372 3179 1403 3244 erl

283 3299 322 3342 ea
345 3280 462 3359 potest,
488 3274 506 3332 i.
521 3291 547 3332 c.
563 3271 660 3332 civilis
685 3277 751 3339 est,
777 3276 880 3330 contra
906 3271 1049 3352 obligatio
1074 3274 1193 3332 omnino
1221 3294 1280 3333 non
1309 3271 1402 3348 adesit

282 3375 330 3435 siu
354 3373 455 3431 auteur
482 3383 522 3424 ox
542 3363 613 3443 jure
638 3363 714 3422 civili
736 3361 776 3432 id,
797 3362 877 3441 quod
901 3383 939 3425 ex
954 3364 1025 3442 jura
1045 3366 1177 3441 gentium
1197 3365 1401 3443 obligatorium

282 3465 420 3532 habetur,
439 3478 499 3520 non
520 3454 702 3525 defenditur,
722 3460 784 3514 inm
804 3455 948 3515 naturalis
970 3455 1113 3532 obligatio
1134 3453 1235 3514 adast.
1399 3479 1400 3517 l

358 3549 479 3613 Deinde
498 3549 526 3608 si
547 3547 586 3606 de
606 3545 766 3608 effectibus
783 3547 926 3608 naturalis
942 3547 1134 3624 obligationis
1155 3547 1341 3624 cogitamus,
1361 3561 1399 3630 opt

282 3647 354 3706 time
377 3641 552 3701 Brinzius
573 3641 603 3700 in
623 3639 680 3700 bac
700 3639 856 3699 sententia
875 3657 931 3698 eos
953 3637 1157 3716 amplectitur,
1184 3638 1288 3707 „solvi
1309 3635 1398 3721 potad

282 3757 322 3799 ex
346 3754 393 3804 ea,
413 3749 470 3792 neo
491 3751 562 3792 vcro
581 3732 660 3792 actio
679 3730 787 3790 dator“
807 3727 934 3808 (p.d8.),
954 3746 1014 3806 qua
1040 3729 1211 3790 rectissimo
1229 3729 1397 3812 ostenditd

280 3848 320 3890 ox
344 3844 404 3906 qua
428 3823 542 3882 ratione
567 3822 679 3899 singuli
700 3819 831 3885 effectus¹
849 3819 943 3898 accipi
970 3819 1102 3880 debeant
1125 3825 1218 3900 atqua
1235 3823 1310 3900 quid
1333 3817 1396 3893 cod

187 3955 189 3964 ·
280 3937 371 3981 mune
391 3915 534 3976 habeant.
1188 3949 1192 3957 ·
1392 3915 1395 3987 l

356 4008 576 4082 Quaestionem
601 4005 696 4074 illam,
722 4024 809 4084 quant
835 3997 968 4066 ultimam
995 4011 1098 4066 auctor
1128 4007 1303 4087 proposuit,
1328 3999 1394 4175 ui*

234 4126 237 4130 ·
281 4116 347 4160 rum
365 4119 418 4158 cur
440 4119 500 4160 non
520 4117 626 4160 omnes
649 4097 787 4175 singulae
809 4096 954 4158 naturalis
978 4096 1169 4174 obligationis
1194 4100 1326 4176 spectas

282 4191 333 4254 nia
350 4190 478 4267 quaeris
499 4188 619 4252 eiicere
638 4189 768 4270 possint,
788 4194 819 4250 et
837 4189 906 4266 ipse
920 4189 1000 4250 sicut
1015 4189 1079 4267 jam
1093 4187 1282 4252 Savinins
1302 4189 1392 4271 iniat

283 4281 336 4344 dio
354 4280 484 4358 reliquit,
504 4281 584 4358 quod
607 4279 820 4360 ad'generalia
839 4279 983 4358 pertinet,
1003 4285 1035 4340 et
1054 4277 1206 4353 putatlroc
1218 4281 1279 4342 nisi
1301 4284 1332 4342 iu
1355 4285 1391 4365 ἐς
