2864 4976
544 345 784 420 ..49,

163 595 169 602 .
266 547 450 614 Marcellus
477 549 603 628 scribit,
637 551 667 612 ei
696 551 768 636 puis
792 572 852 636 pra
875 551 997 638 pupilla
1022 553 1094 616 eine
1119 554 1235 616 tuterit
1335 577 1339 583 ’

265 649 461 712 auctoritate
480 647 636 738 obliquo,
667 652 851 737 prudigcve
873 651 927 716 vel
945 650 1074 716 furioso
1096 651 1234 740 fidejus·

268 749 360 824 serit,
380 749 483 836 mupis
507 771 591 828 esre,
617 753 708 826 atei
733 774 798 814 aaa
820 750 1049 829 subveniatur,
1078 755 1234 837 quoniam

264 849 317 914 his
339 852 484 914 mandati
506 852 594 916 aetio
617 873 682 916 non
706 854 873 937 eornpetit.

179 950 361 1014 Maximam
382 949 469 1014 haec
488 949 664 1036 Ulpiani
692 955 795 1018 verba
817 954 1011 1018 doctoribus
1032 973 1235 1038 paraverunt

1 1085 2 1094 κ
80 1051 324 1118 difficultatem
337 1050 377 1133 ⁷).
422 1053 532 1126 Quum
551 1052 636 1116 enirn
655 1053 763 1116 nrultis
779 1065 871 1118 tanto
892 1056 1033 1140 aequius
1050 1056 1232 1134 videretur,
1338 1113 1341 1120 .

1 1203 2 1208 1
78 1153 286 1239 fidejussori
301 1153 482 1230 subveniri,
497 1154 586 1242 quod
601 1152 746 1216 inundati
760 1156 925 1220 actionem
939 1166 1057 1220 contra
1073 1156 1231 1240 pupillum

1 1239 2 1246 ἵ
78 1275 158 1318 non
182 1253 329 1328 babeat,
349 1251 484 1316 sublata
503 1255 683 1338 negatione
704 1255 755 1319 sic
775 1255 910 1340 legunt:
930 1255 1032 1344 inopie
1053 1277 1123 1320 aare
1144 1267 1182 1322 ut
1204 1259 1236 1324 ei

78 1352 322 1429 subveniatur,
347 1362 382 1416 ut
400 1369 562 1438 congruat
587 1356 683 1432 ratio,
706 1377 793 1442 quae
814 1357 978 1442 sequitur:
1007 1357 1161 1449 proauiam
1182 1355 1233 1424 tu

79 1452 247 1517 mundati
266 1453 351 1514 actio
373 1475 441 1516 aare
462 1458 620 1542 ccrnpetit.

180 1551 248 1616 Alii
271 1566 361 1630 sunt,
383 1555 438 1638 qui
460 1576 528 1620 nen
549 1558 721 1622 subveniri
744 1555 934 1641 fidejussori
954 1556 1149 1638 probantes,
1171 1558 1232 1620 sed

79 1655 255 1720 rationem
267 1653 439 1736 Ulpiani
456 1655 654 1736 refutantes,
671 1659 824 1752 moniam
838 1659 1006 1722 mittentia
1019 1678 1231 1751 quamquam,

81 1771 146 1820 aut
171 1754 327 1846 queniam
348 1753 399 1818 ln’s
417 1757 449 1820 in
472 1761 630 1852 macrob.

176 1856 381 1922 Antonius
407 1857 544 1924 Faber
576 1861 719 1943 denique
748 1879 864 1924 vocem
891 1855 1038 1942 obligato
1061 1857 1167 1936 delet,
1197 1871 1233 1924 ut

82 1961 142 2022 sie
163 1957 270 2039 accipi
286 1958 407 2022 debeat
428 1957 494 2042 lex,
517 1957 663 2044 pupillus
683 1961 851 2024 icatidavit
873 1957 984 2036 alicui,
1007 1959 1070 2024 sed
1091 1959 1165 2024 sine
1182 1973 1231 2027 ttt·

1 2135 2 2142 ἵ
81 2059 176 2124 toris
193 2059 410 2134 auctoritate,
434 2071 470 2123 ut
487 2061 762 2146 fidejuberetpro
781 2061 870 2144 ipso.
915 2059 1009 2124 Tunc
1031 2061 1118 2124 enim
1140 2080 1231 2130 man·

83 2161 160 2226 dati
182 2160 346 2224 actionem
367 2181 434 2224 uon
457 2173 650 2244 competere
672 2161 882 2246 fidejussori,
911 2161 988 2244 quia
1011 2160 1085 2224 sice
1112 2161 1230 2226 tutoris

81 2260 291 2325 auctoritate
313 2261 461 2344 pupillus
484 2261 703 2326 mandaverit.

176 2358 301 2424 Omnes
316 2381 397 2426 vero
413 2361 476 2426 has
495 2363 747 2434 emendationes
764 2371 799 2425 ut
821 2359 1022 2444 rejiciamus,
1039 2380 1125 2446 opus
1142 2361 1230 2426 vide·

81 2473 143 2528 tut·
166 2481 246 2524 esse
269 2472 302 2526 et
323 2474 360 2526 ut
381 2464 487 2528 verba
510 2463 677 2546 Ulpiani
701 2463 834 2526 omniuo
856 2481 921 2526 non
946 2473 1118 2528 mutemus.
1162 2461 1231 2526 Ne-

82 2583 154 2648 que
177 2563 264 2625 enim
286 2562 465 2646 quidquam
488 2566 633 2650 iniquum
655 2565 687 2628 in
713 2583 753 2627 eo
773 2565 877 2646 inest,
907 2565 995 2647 quod
1018 2585 1085 2630 uon
1109 2564 1229 2630 subve-

82 2664 200 2728 niatur
220 2662 428 2747 fidejussori,
462 2666 517 2749 qui
550 2689 612 2750 pro
635 2663 760 2748 pupillo
784 2663 1006 2732 sinetutcris
1030 2664 1230 2728 auctoritate

83 2765 239 2849 obligato
263 2765 473 2844 intercessit,
495 2788 595 2850 quum
620 2765 774 2849 sibiipsa
797 2763 978 2848 fidejussor
992 2765 1156 2845 imputare
1175 2765 1231 2828 de·

81 2867 185 2944 beat,
212 2866 307 2950 -qcod
331 2879 440 2932 tutore
469 2865 562 2930 haud
593 2865 739 2930 adhibito
766 2864 978 2947 fidejusserit.
1023 2865 1121 2930 Scire
1144 2865 1229 2932 enim

83 2969 201 3033 debuit
231 2987 309 3030 sese
345 2967 488 3030 mandati
524 2979 580 3030 aut
615 2967 824 3048 negotiorum
859 2977 1029 3048 gestorum
1064 2971 1230 3032 actionem

82 3089 156 3134 non
178 3068 319 3142 habere,
342 3068 406 3130 nisi
428 3067 681 3151 locupletiorem
705 3065 825 3131 feeerit
850 3065 1008 3149 pupillum
1032 3089 1073 3130 ex
1095 3068 1229 3154 fidejus·

83 3171 231 3253 sione⁸).
277 3169 401 3231 Verum
417 3169 514 3232 etiam
535 3169 630 3247 ratio,
652 3190 712 3232 cur
728 3167 935 3251 Ulpianus
957 3167 1147 3252 fidejussori
1163 3191 1228 3233 non

82 3270 258 3336 subveniri
284 3269 378 3346 dicit,
405 3271 555 3334 nimirum
580 3270 734 3354 quoniam
754 3269 823 3353 his,
849 3270 870 3333 i.
888 3291 919 3332 e.
939 3266 1231 3354 fidejussoribus&

87 3391 297 3404 —n--u-——un-t-

160 3475 188 3551 7)
212 3474 321 3534 ciliae
335 3473 390 3534 'de
412 3473 481 3550 lege
500 3473 585 3530 ant.
608 3469 741 3540 Faber,
769 3472 964 3552 conjecturae
989 3469 1038 3526 lib.
1055 3468 1140 3528 Vlll.
1159 3487 1226 3550 cap:

81 3571 112 3630 s.
128 3575 161 3629 et
179 3567 279 3638 b.,ubi
298 3567 422 3626 aliorum
437 3564 668 3626 emendationes
687 3561 778 3622 refert
799 3571 830 3622 et
849 3562 960 3622 refutat
972 3577 1121 3638 suamque
1141 3564 1228 3625 inter·

82 3663 287 3742 pretationem
310 3661 436 3720 uberius
455 3659 585 3738 probare
604 3655 718 3714 studet.

162 3753 188 3828 θ)
208 3751 280 3812 tta.
293 3773 340 3834 pr.
355 3753 394 3811 de
413 3751 452 3811 R.
464 3751 485 3811 l.
500 3747 645 3825 (tibilim
666 3749 730 3817 unt
748 3766 817 3806 oum
834 3747 898 3807 olio
919 3747 1086 3818 corebulu't,
1108 3751 1158 3810 cel
1174 3761 1229 3822 eri,

84 3843 250 3905 addebat
273 3865 336 3906 erre
358 3863 422 3904 non
442 3845 571 3923 iqnarns
591 3840 780 3902 contuitionis
801 3844 875 3924 ejne
888 3839 924 3899 el.
940 3861 1001 3916 arg.
1018 3841 1038 3898 Ι.
1049 3839 1092 3900 13.
1106 3841 1172 3917 Μ.
1188 3841 1228 3904 de

82 3933 120 3995 P.
134 3935 223 4011 Α.(6.
237 3935 263 3996 2.
283 3941 304 4012 ).
327 3935 379 3996 Ι.7.
398 3935 424 4014 d.
437 3935 464 3994 2.
482 3935 522 3994 de
543 3936 635 3995 instit.
652 3939 708 3992 aet.
723 3932 781 4007 (lt.
799 3933 849 4008 3.).
871 3933 887 3992 l.
895 3931 941 3990 ⁸27.
961 3931 1001 3990 de
1020 3937 1111 3990 contr.
1134 3942 1227 4014 empt.

82 4027 143 4105 (18.
157 4027 208 4104 1.).

161 4103 435 4180 ⁹)Mar'cellnm
450 4101 558 4182 plurmi
573 4121 699 4161 numero
723 4101 794 4174 (tis)
816 4061 956 4178 pergere,
977 4099 1116 4176 quamvis
1139 4107 1229 4162 antea

81 4196 230 4274 singulari
252 4197 293 4270 (ri
314 4197 391 4279 pub,
415 4197 456 4272 ci)
477 4213 554 4254 usus
576 4197 627 4262 sit,
650 4194 801 4254 treminem
822 4189 968 4259 offendet.
991 4209 1081 4270 quum
1106 4193 1145 4253 de
1167 4194 1229 4274 plu·

83 4290 165 4374 ¹ibus
186 4287 420 4367 fidejussoribus
441 4285 558 4368 (pupilli
580 4293 610 4345 et
630 4285 734 4344 furiosi
758 4290 789 4343 et
809 4283 939 4362 prodigi)
959 4283 1108 4362 loquatur.
1214 4291 1227 4338 “.

996 4397 1018 4460 4
